2752 4673
2582 211 2602 400 N

536 468 686 560 264
765 463 770 468 ’
863 464 1272 614 msrontffi
1310 458 1582 525 munis
1618 455 2011 524 nncncffi
2249 448 2327 536 ς,
2366 466 2475 543 53·

533 673 826 784 plenam
884 603 1112 775 usque
1179 667 1593 773 atrophiam
1662 683 2052 765 occepere.
2174 661 2353 739 Die
2396 687 2473 741 21

525 800 866 904 Augusti
941 792 1172 873 facies
1260 794 1617 928 pallorem
1699 780 2256 864 cadaverosum
2310 829 2344 876 -,
2418 805 2482 865 et

534 917 959 1002 universum
1035 940 1305 1018 corpus
1402 915 1705 992 maciem
1792 899 2060 985 offeam
2157 931 2375 1010 prae
2422 906 2471 992 se

531 1042 824 1125 ferebat
846 1097 873 1134 ,
956 1039 1347 1121 abdomine
1417 1037 1726 1117 multum
1777 1048 2107 1112 tumente
2195 1047 2301 1109 et
2366 1032 2471 1110 vel

530 1168 640 1245 ad·
686 1168 939 1262 lenem
989 1160 1339 1243 attaC'mm
1404 1160 1787 1238 admodum
1853 1157 2206 1236 dolente.
2336 1154 2475 1232 Ar-

535 1303 749 1362 tuum
804 1308 993 1363 caro·
1021 1283 1170 1363 fuit
1217 1281 1513 1387 prorsus
1558 1279 1855 1358 flaccida
1903 1298 1983 1357 et
2051 1281 2470 1376 exhausta3

533 1405 844 1510 spiratio
918 1424 1164 1486 autem
1214 1406 1449 1486 libera
1473 1460 1499 1494 ,
1578 1403 1730 1480 fine
1782 1398 1945 1479 tuffi
1964 1459 1991 1492 ‚
2046 1424 2469 1505 parumper

533 1546 782 1611 tamen
842 1530 1171 1612 celerior
1238 1546 1319 1607 et
1398 1524 1886 1622 laboriofior;
1972 1522 2239 1626 pulsus
2298 1550 2462 1628 qua·

530 1653 633 1734 lis
677 1650 1145 1736 hecticorum
1195 1675 1291 1731 ex
1343 1649 1643 1753 phthifi.
1746 1649 2004 1729 Puella
2051 1673 2095 1724 a
2143 1650 2451 1751 quibus-
2490 1691 2501 1695 ·

490 1773 657 1853 ‘vis
710 1779 1080 1856 alimentis
1140 1773 1628 1870 abhorrebat3
1695 1796 1792 1851 eo
1855 1768 2055 1874 quod
2115 1771 2438 1850 modern·

527 1912 613 1973 te
652 1893 877 1974 ‘etiam
925 1898 1202 1998 sumpta
1247 1896 1548 1974 dolores
1602 1919 1699 1970 eo
1751 1889 1981 1995 usque
2038 1894 2451 1981 causabam,
2540 1923 2558 1966 ·.

532 2019 780 2118 quoad
858 2033 1023 2120 pars
1109 2017 1564 2120 ingestorum
1630 2017 1920 2094 vomitu
1984 2014 2269 2115 rejecta
2326 2016 2457 2095 est.

534 2139 717 2217 Sitis
740 2131 912 2220 'non
968 2159 1129 2222 erat
1186 2137 1414 2219 nimia
1430 2167 1459 2236 ς
1502 2134 1803 2215 ‘inflatus
1855 2159 2127 2246 venter
2189 2138 2453 2220 tormi-

457 2340 462 2347 .
534 2262 757 2361 nibus
807 2289 1172 2372 nunquam
1216 2262 1510 2361 caruit,
1485 2292 1505 2309 ·
1534 2280 1549 2318 *²
1567 2260 1835 2341 lotium
1883 2264 2235 2344 reddebat
2275 2287 2447 2368 pau-

530 2404 749 2481 cum,
801 2414 1153 2508 perquam
1209 2388 1565 2465 rubrum
1539 2443 1564 2483 ‚
1634 2387 1846 2467 alvus
1901 2411 2037 2488 per
2096 2412 2144 2489 3
2201 2391 2339 2468 vel
2400 2409 2448 2482 4

533 2508 698 2588 dies
751 2503 1188 2619 plerumque
1237 2509 1472 2591 clausa
1519 2531 1672 2587 non
1728 2509 1866 2586 nifi
1921 2529 2254 2589 enemate
2320 2528 2444 2590 aut

532 2618 1029 2735 suppofitorio
1081 2633 1569 2716 reserabatur.
1673 2638 1858 2712 Cum
1907 2632 2282 2737 desperata
2321 2659 2445 2715 res

299 2752 302 2757 ”
423 2809 428 2813 -
532 2752 973 2849 videretur,
1046 2781 1145 2837 ne
1208 2775 1451 2839 tamen
1512 2755 1663 2833 fine
1715 2753 1978 2835 solatio
2032 2755 2442 2836 discederet

534 2890 814 2967 mater,
875 2879 1247 2978 glandium
1301 2878 1493 2957 volae
1540 2872 1845 2982 ‘aliquot
1908 2880 2019 2965 ei·
2050 2879 2231 2957 datae
2300 2903 2436 2980 pro

539 2993 1006 3093 conficiendo
1038 2999 1213 3079 inde
1240 2994 1594 3080 methodo
1638 3021 1807 3080 ante
1846 2999 2043 3083 dieta
2078 2999 2432 3092 decocto,

527 3116 739 3214 cujus
778 3143 941 3206 cum
980 3118 1177 3203 lacte
1209 3121 1403 3205 misti
1449 3135 1553 3216 ‘4⁸
1593 3123 1879 3226 quaqde
1907 3126 2093 3204 hora
2119 3126 2221 3223 3ij
2254 3151 2428 3229 quo·

530 3239 719 3320 tidie
752 3242 1167 3325 hauriendae
1198 3245 1613 3347 imperata
1651 3245 1792 3324 Die
1830 3270 1919 3348 31
1957 3247 2286 3351 Augusti
2321 3270 2428 3324 re-

423 3352 428 3443 s
539 3364 761 3444 versa·
808 3388 1042 3446 mater
1104 3390 1335 3448 novas
1413 3368 1752 3475 poposcit
1833 3371 2132 3472 glandes
2147 3429 2174 3463 ,
2243 3367 2430 3455 refe-

406 3568 412 3585 ,
531 3476 709 3579 ¹rens
758 3488 1054 3590 priores
1118 3486 1472 3592 profuiffe
1504 3546 1532 3584 ,
1568 3491 1789 3595 quod
1841 3492 2261 3573 remiserint
2310 3494 2429 3573 do·

471 3672 474 3675 .
537 3604 784 3701 loreS,
851 3611 1181 3693 vomitus
1237 3613 1534 3693 deflerit
1550 3669 1578 3707 ‚
1638 3615 2062 3716 appetentia
2103 3634 2183 3693 et
2223 3616 2426 3693 alvus
2632 3508 2644 3779 ξ

528 3726 921 3831 spontanea
988 3734 1390 3826 redierint,
1450 3757 1831 3839 nuperque
1907 3738 2082 3817 alvo
2147 3734 2426 3838 sanguis
2637 3810 2641 3823 ,,

526 3869 610 3935 et
661 3878 914 3937 mucus
975 3857 1420 3963 purulentus*
1481 3858 1785 3944 exierit.
1893 3860 2102 3943 Datis
2151 3857 2416 3965 glandi·
2634 3824 2642 4015 ἱ

2631 4024 2640 4393 ἔ
