2752 4673
283 539 341 620 ς.
377 537 466 628 64
955 541 1003 600 P
1043 540 1101 600 A
1145 541 1197 603 R
1240 466 1325 602 s*
1370 539 1453 602 11.
1591 502 1600 505 ⁷
2025 551 2165 629 339

268 786 324 840 „
375 749 547 825 bres
602 742 788 823 fiunt
843 743 1038 822 aeris
1080 762 1161 823 et
1205 745 1387 822 coeli
1439 743 1879 824 mutationes
1913 801 1940 836 ,
2011 745 2165 847 ple-

268 928 325 963 „
375 892 682 970 rumque
720 885 871 943 tum
935 891 1085 945 non
1150 870 1367 945 modo
1415 869 1718 970 gravius
1777 887 2169 971 aegrotant,

270 1052 325 1086 ‚,
376 992 499 1071 sed
560 1010 640 1069 et
700 991 1064 1071 decedunt
1104 988 1390 1068 heffici
1453 990 1958 1068 incurabiles.=
2024 989 2171 1090 Igi-

164 1118 173 1127 ”
272 1173 329 1209 ‚,
380 1136 503 1193 tur
550 1107 1022 1190 neceffarium
1065 1114 1211 1205 est,
1265 1136 1348 1192 ut
1388 1113 1584 1190 circa
1638 1114 1792 1189 haec
1841 1136 2171 1213 tempora

275 1296 329 1329 ‚,
384 1234 713 1321 exacstam
755 1235 1005 1315 viEtus
1043 1234 1343 1314 servent
1387 1236 1747 1331 rationem
1778 1295 1802 1327 ,
1854 1237 2174 1315 animum

274 1418 330 1454 ‚,
384 1360 855 1464 tranquillum
900 1358 1213 1438 habeant
1234 1417 1261 1450 ,
1316 1359 1514 1436 aeris·
1572 1358 1871 1455 injurias
1903 1358 2180 1447 vitent,

275 1543 331 1580 „
385 1511 462 1563 et
517 1512 559 1562 a
617 1482 905 1560 medico
980 1508 1278 1586 quoque
1343 1480 1724 1559 confilium
1793 1498 2047 1579 petant
2074 1482 2180 1567 ‚,‘.

276 1613 462 1687 Cum
505 1630 693 1707 ergo
743 1606 930 1683 tanti
987 1606 1226 1683 hocce
1291 1604 1373 1680 in
1422 1602 1682 1677 morbo
1746 1601 1833 1675 fit
1873 1599 2178 1675 diaeteti-

275 1756 440 1809 cum
490 1728 828 1829 regimen
905 1727 996 1803 ad
1056 1722 1372 1803 amuflim
1447 1717 1826 1834 institniffe
1868 1779 1893 1811 ,
1990 1721 2176 1797 dabo

274 1875 619 1953 operam,
673 1849 869 1926 nihil
913 1867 1000 1926 ut
1049 1868 1478 1950 praeteream
1508 1903 1537 1939 ‚
1615 1845 1814 1948 quod
1881 1866 2179 1945 magno-

268 1996 456 2074 pere
491 1974 640 2050 huc
692 1970 939 2049 facere
982 1971 1526 2059 existimavem,
2091 2002 2102 2041 κ
2199 2008 2202 2009 f

784 2321 1436 2412 CAPUT
1578 2323 1654 2412 11.

984 2564 1030 2616 c
1114 2535 1165 2619 ⁷1
1271 2565 1312 2616 B
1420 2553 1592 2667 1..

1126 2743 1199 2839 §.
1253 2743 1376 2836 64.

480 2972 524 3025 c
546 2972 575 3025 1
599 2974 638 3027 Β
659 2975 706 3027 u
729 2972 766 3025 s
818 2945 1138 3027 hefflcis
1211 2948 1638 3052 praebendus
1689 2947 1862 3027 duas
1913 2946 2180 3029 habeat*

280 3072 494 3153 dotes
542 3084 885 3172 oportet,
938 3074 1279 3151 nimirum
1340 3072 1755 3150 nutrientes
1808 3092 1887 3150 et
1948 3074 2176 3150 medi-

280 3216 501 3273 catas,
604 3193 983 3276 Quantum
1034 3195 1124 3272 ad
1176 3196 1505 3296 priorem
1563 3194 1826 3273 attinet
1877 3197 2123 3274 dotem
2146 3252 2177 3288 ,

284 3318 418 3394 illa
477 3314 893 3414 hujusmodi
937 3312 1302 3396 esculenta
1352 3316 1596 3417 exigit
1619 3370 1644 3404 ‚
1736 3340 1892 3416 quae
1962 3318 2173 3392 mini-

286 3462 435 3514 mas
480 3438 811 3539 requirat
865 3434 1227 3515 viscerum
1272 3436 1998 3539 chylopoieticorum
2061 3437 2178 3515 vi-

289 3583 410 3637 res
430 3539 523 3635 ”ad
564 3556 676 3634 sui
713 3558 1386 3635 transmutationem
1412 3561 1492 3635 in
1535 3559 1835 3659 chylum
1868 3577 1948 3635 et
1983 3558 2177 3661 opti-

284 3706 483 3763 mum
512 3697 590 3759 et
626 3679 1097 3778 uberiorem3
1148 3680 1282 3756 nifi
1316 3676 1515 3758 forte
1560 3681 1799 3783 primo
1833 3682 1910 3759 in
1934 3682 2174 3761 morbi
2229 3776 2239 3787 κ

286 3806 517 3912 gradu
579 3803 685 3880 ita
732 3802 1079 3881 stomachi
1120 3805 1345 3881 robur
1387 3805 1473 3883 fit
1505 3805 1740 3883 adhuc
1775 3806 2173 3910 integrum,

285 3952 370 4010 ut
406 3923 852 4008 difficilioris
874 3927 1092 4007 etiam
1114 3947 1418 4010 texturae
1439 3929 1805 4022 alimenta,
1841 3932 2175 4036 egregiis

1615 4052 1685 4133 Y
1736 4077 1785 4134 2.
