2752 4673
231 444 397 534 §.170
898 450 950 515 P
994 456 1053 516 A
1095 454 1146 517 R
1190 451 1232 516 S
1285 457 1368 523 -1.
1746 469 1753 477 ‘
1919 470 1928 480 ·
1999 473 2095 554 35

216 707 261 743 „
315 652 658 732 conditos
678 711 705 744 ,
779 652 1129 736 exhausto
1171 658 1317 755 jam
1373 660 1722 740 universo
1788 658 1869 741 in
1926 667 2098 769 ipfis

213 831 259 876 2,
307 776 609 879 liquore
637 835 666 869 ,
723 778 830 855 ita
876 798 959 858 ut
1007 776 1260 859 ossium
1292 841 1320 875 ,
1399 785 1665 887 quibus
1732 788 2100 890 palpebrae

209 958 258 992 „
308 902 694 977 coherent
731 957 758 990 ,
849 901 1262 980 eminentia:
1329 903 1863 1005 conspiciantur
1902 968 1932 1003 ‚
2016 931 2100 992 et
2146 962 2151 967 -

205 1077 252 1116 „
296 1021 560 1100 sordes
614 1021 911 1124 quidem
956 1022 1038 1111 in
1090 1022 1262 1125 ipfis
1320 1025 1514 1102 ficcae
1565 1052 1975 1130 appareant,
2011 1053 2098 1117 et

204 1199 247 1239 ‚,
295 1138 629 1250 quaedam
666 1145 911 1228 veluti
955 1144 1270 1247 squalida
1339 1146 1710 1251 dispofitio
1726 1208 1778 1244 0,
1849 1158 2091 1260 qualis
2168 1236 2175 1247 ,

209 1325 248 1360 ,,
291 1268 625 1379 maxime
697 1267 879 1344 inest
930 1268 1023 1346 iis
1055 1323 1084 1359 ,
1157 1268 1285 1370 qui
1345 1287 1509 1349 toto
1556 1272 1680 1350 die
1738 1273 1865 1355 sub
1914 1278 2093 1360 solis

211 1448 249 1483 ‚,
285 1393 568 1471 ardore
612 1387 759 1467 iter
805 1391 1104 1494 longum
1155 1417 1290 1493 per
1320 1396 1713 1494 pulverem
1745 1421 2090 1501 egerunt.

212 1572 247 1606 „
285 1516 415 1594 Est
456 1514 692 1592 etiam
718 1511 798 1589 in
841 1514 1121 1592 eisdem
1150 1513 1288 1617 flos
1330 1518 1588 1599 vitalis
1640 1522 1918 1599 coloris
1958 1550 2091 1602 ex..

210 1692 245 1727 „
287 1631 623 1721 stinstus,
729 1635 896 1714 Hoc
947 1636 1245 1739 quidem
1275 1628 1449 1717 ¹tota
1499 1642 1779 1740 patitur
1831 1640 2089 1738 facies,

191 1812 242 1847 2,
287 1778 510 1863 atque
556 1756 638 1833 in
678 1775 838 1836 tota
887 1777 1059 1835 cute
1085 1815 1111 1849 ‚
1172 1742 1313 1862 q'ua
1351 1758 1619 1839 faciem
1665 1752 1966 1845 obducit}
1999 1794 2089 1847 ae

183 1937 241 1973 „
287 1878 613 1959 frontem
676 1878 1078 1983 praesertim·
1110 1938 1137 1971 ,
1215 1880 1505 1985 squalor
1538 1884 2084 1985 immoderatus

182 2063 235 2099 ‚,
289 2002 781 2104 conspicitur,
823 2003 1006 2081 adeo
1071 2024 1156 2084 ut
1204 2030 1300 2083 ex
1372 2007 1696 2089 ficcitate
1751 2012 2079 2095 durescat

189 2188 234 2221 „
285 2154 365 2206 ac
466 2126 1076 2205 circumtendatur
1125 2160 1152 2227 3
1236 2154 1389 2208 non
1467 2150 1709 2211 tamen
1783 2131 2077 2236 poffunt

202 2310 245 2345 „
283 2251 678 2356 plurimum
754 2253 1164 2351 producere
1240 2257 1623 2359 palpebras
1684 2257 2077 2336 dormitan-

216 2430 261 2465 ,‚
295 2378 474 2453 tibus
546 2373 820 2451 ssmiles
867 2429 897 2466 ,
982 2397 1064 2452 et
1126 2375 1422 2476 quidem
1499 2378 1756 2479 saepius
1823 2382 2079 2455 conni-

224 2550 267 2586 ‚,
303 2516 463 2574 vent
522 2496 1076 2575 dormitantium
1146 2519 1399 2591 more3
1466 2521 1620 2574 non
1675 2496 1781 2571 est
1832 2513 2078 2574 autem
2164 2535 2165 2538 κ

216 2643 525 2707 „eorum
606 2613 831 2720 paflio
898 2614 1184 2694 somnus
1223 2674 1253 2711 ,
1327 2614 1452 2693 sed
1519 2616 1882 2719 vigilandi
1941 2616 2072 2695 im-

207 2797 245 2832 „
279 2743 631 2847 potentia.
736 2741 1200 2830 Contabuere
1253 2740 1476 2818 etiam
1538 2765 1829 2832 carneS,
1908 2766 2071 2843 quae

203 2920 236 2954 ‚,
277 2866 348 2945 in
385 2864 849 2967 temporibus
914 2861 1114 2956 sunt,
1165 2883 1249 2942 ut
1311 2860 1624 2964 collapsa
1674 2863 2067 2945 videantur

198 3042 231 3078 ‚,
275 3010 351 3070 et
396 2983 1007 3087 concavaspatia.
1110 2990 1211 3066 Et
1265 2987 1446 3090 quid
1493 2982 1692 3061 aliud
1754 2987 2065 3072 ,omnino

196 3164 229 3200 ,‚
269 3114 431 3193 sunt
452 3172 480 3207 ‚
535 3137 748 3217 quam
795 3105 941 3190 offa
997 3128 1216 3212 atque
1269 3109 1461 3190 cutis
1501 3108 1540 3184 2
1622 3105 1805 3210 adeo
1855 3103 1940 3187 ut
2005 3110 2063 3186 fi

198 3284 229 3321 2,
265 3238 550 3315 nudato.
579 3256 894 3334 corpore
930 3242 1173 3334 partes
1221 3230 1313 3309 ad.
1356 3249 1696 3310 ventrem
1749 3231 2058 3314 attinen-

202 3406 233 3440 „
270 3377 388 3435 tes
445 3355 744 3457 aspicias
769 3413 795 3447 ‚
842 3373 1059 3457 atque
1112 3376 1209 3432 ex
1258 3353 1624 3432 intestinis
1691 3373 1814 3431 aut
1858 3354 2063 3430 ulce-

197 3525 229 3562 »
262 3479 473 3555 ribus
531 3471 1220 3581 aliquod'supereffe
1270 3473 1636 3553 censueris
1661 3532 1688 3565 ,
1739 3499 1824 3551 ac
1882 3499 2059 3575 prae·

194 3644 229 3682 ³,
263 3599 520 3677 cordia
578 3600 1061 3678 vehementer
1094 3596 1470 3675 commeta
1511 3594 1765 3674 versus
1812 3594 2057 3674 thora-

195 3767 232 3803 »,
268 3747 430 3799 cem
496 3721 910 3820 videantur.
1036 3719 1267 3804 Quod
1318 3721 1373 3797 fi
1422 3743 1553 3797 eos
1606 3738 1910 3821 tangere
1965 3720 2053 3797 li-

197 3886 236 3927 „
271 3844 439 3922 beat
466 3900 497 3936 ‚
572 3844 777 3942 cutis
832 3843 1127 3949 quidem
1193 3847 1524 3954 apprime
1609 3844 1717 3920 est
1764 3841 1992 3921 -arida
2018 3890 2081 3936 ³1
2209 3869 2214 3874 ·

769 3995 774 4000 ·
1540 3969 1603 4048 C
1655 3988 1705 4045 2
