2752 4673
564 539 710 635 360
878 544 1292 612 HISTORIAE
1333 542 1603 609 FEBRIS
1650 543 2033 611 HECTICAE
2255 541 2322 626 ξ
2335 539 2465 623 (g.

561 774 661 855 ex
722 747 1014 828 hectica
1094 775 1176 829 ac
1246 752 1413 828 tabe
1489 748 1831 829 obierunt
1854 805 1879 840 ,
1944 749 2166 828 initio
2235 747 2465 855 Junii

561 874 726 976 post
743 874 1031 974 longam
1059 862 1287 951 ιιοᾶὶιι
1314 871 1438 951 sub
1475 872 1601 949 dio
1641 895 1910 950 moram
1942 898 2024 950 ac
2054 874 2469 952 vehemen-

557 1012 713 1071 tem
760 994 1118 1071 tristitiam
1182 996 1511 1099 iramque
1574 993 1902 1074 incidit
1884 1021 1963 1072 in
2024 996 2445 1073 catarrhum

559 1141 725 1194 cum
778 1117 941 1194 ravi
1019 1134 1099 1193 et
1164 1111 1419 1218 sapore
1506 1114 1659 1193 oris
1737 1140 1977 1194 amaro
2077 1143 2159 1194 ac
2226 1116 2406 1194 salso
2432 1175 2459 1207 ‚

553 1234 722 1315 tuffi
771 1236 1079 1337 primum
1128 1238 1309 1316 ficca
1360 1240 1671 1329 oborta,
1726 1240 1897 1317 dein
1964 1238 2190 1340 sputis
2262 1229 2459 1316 cras-'

554 1358 650 1436 fis
690 1376 769 1437 et
814 1358 1000 1435 albis
1039 1360 1633 1461 procedentibus,
1738 1363 1938 1440 Inter
1987 1364 2138 1440 haec
2194 1360 2459 1440 affidua
2555 1364 2564 1373 ’

558 1466 773 1560 enata
832 1478 1190 1560 febricula
1213 1541 1238 1575 ‚
1308 1484 1555 1565 calore
1618 1510 1659 1561 a
1715 1485 1916 1585 pastu
1973 1485 2051 1561 in
2114 1510 2162 1563 2
2225 1488 2361 1562 vel
2410 1510 2447 1584 3

551 1603 777 1689 horas
846 1603 1128 1709 semper
1206 1604 1605 1686 intenfiore
1670 1602 1894 1686 fasso,
2035 1609 2150 1684 Ex
2184 1693 2198 1706 ,
2230 1607 2473 1705 interf

548 1728 770 1806 vallis
828 1729 1048 1837 etiam
1107 1723 1495 1830 palpitatio
1553 1729 1848 1820 cordis,
1901 1723 2267 1831 syncope,
2312 1723 2446 1804 fri-
2523 1736 2526 1737 ’

547 1847 863 1951 gidique
932 1849 1230 1927 sudores
1303 1847 1746 1952 affligebant.
1852 1850 2079 1929 Multi
2129 1849 2310 1927 item
2376 1849 2457 1927 in

552 1952 823 2047 ventre
862 1973 1189 2072 rugituS,
1244 1967 1691 2072 frigentibus
1718 1973 2030 2073 pedibus
2080 1997 2164 2048 ac
2216 1972 2450 2071 tibiis,

552 2088 1042 2195 musculisque
1078 2149 1104 2181 ,
1188 2092 1316 2168 ubi
1407 2116 1452 2167 e
1523 2089 1725 2170 lecto
1795 2093 2136 2199 =surgeret
2182 2151 2206 2184 ,
2303 2112 2435 2169 tre-

549 2211 940 2294 mentibus.
1045 2215 1219 2294 Haec
1270 2214 1442 2318 quia
1477 2215 1852 2296 humidum
1913 2215 2270 2293 domicilii
2307 2210 2420 2288 fri-

551 2359 691 2437 gus
742 2338 1193 2440 -nebulaeque
1269 2331 1500 2418 craffae
1576 2336 1844 2416 fovere
1933 2324 2366 2436 videbantur
2400 2393 2425 2426 ,
2477 2431 2498 2442 Μ

549 2481 741 2561 aegra
782 2461 941 2560 post
990 2458 1299 2538 mensem
1346 2460 1448 2538 ita
1500 2456 1834 2538 exactum
1886 2460 2227 2541 aliorsum
2274 2484 2440 2537 con-

549 2578 818 2658 cedens
871 2579 1285 2661 Amstorem
1335 2582 1741 2664 consuluit:
1792 2582 1920 2683 qui
1966 2608 2127 2658 cum
2163 2581 2454 2722 menses⁴

546 2706 698 2785 rite
776 2705 1057 2806 semper
1110 2699 1385 2796 venire
1437 2763 1464 2797 ‚
1542 2707 1687 2784 imo
1766 2704 2165 2806 anticipare
2193 2763 2218 2797 ‚
2289 2731 2443 2786 nec
2493 2800 2502 2816 ,μ

540 2828 847 2908 ,ιιιιιΙιειιιι
941 2829 1242 2906 maciem
1324 2828 1874 2910 debilitatemve
1920 2883 1945 2917 ‚
1981 2896 1989 2904 .
2030 2849 2112 2907 ut
2220 2829 2441 2907 initio
2571 2826 2575 2830 ’

547 2943 1001 3034 hefflcarum
1065 2948 1451 3040 usuvenit,
1517 2947 1750 3029 adeffe
1830 2949 2126 3035 videret
2163 3011 2188 3045 ‚
2267 2976 2450 3030 mox

548 3067 815 3150 dextro
899 3091 944 3145 e
1034 3073 1337 3162 brachio
1420 3067 1808 3176 sanguinis
1885 3073 2032 3151 ‘Ibs
2141 3074 2445 3174 dempfit

546 3212 712 3275 cum
766 3191 1168 3292 levamine3
1223 3215 1374 3272 tum
1424 3189 1715 3284 lenibus
1768 3192 2244 3276 friCtionibus
2290 3193 2438 3274 affi

547 3311 694 3396 duo
747 3313 1138 3408 institutiS,
1193 3289 1578 3420 inustoque
1639 3318 1835 3397 tibiae
1906 3319 2137 3397 dextae
2196 3336 2437 3400 caute-

550 3435 718 3526 rio,
747 3461 859 3512 20
917 3462 1210 3539 quoque
1269 3439 1392 3519 die
1469 3439 1682 3523 venis
1757 3440 1878 3518 ani
1933 3440 2087 3520 duze
2157 3438 2436 3539 semper

542 3556 957 3653 hirudines
997 3558 1562 3659 applicabantur.
1635 3645 1642 3653 ,
1695 3564 1994 3647 Interne
2076 3561 2244 3666 post
2312 3584 2434 3661 ge-

552 3680 827 3756 neralia
889 3705 1050 3757 cum
1108 3685 1601 3785 eccoproticis
1658 3680 1999 3788 praemiffa
2064 3684 2304 3760 datum
2356 3682 2433 3756 in

547 3819 651 3896 30
722 3798 881 3877 ‘dies
942 3827 1147 3902 mane
1204 3806 1473 3907 quovis
1530 3807 1641 3887 lac
1700 3803 2087 3897 asininum,
2170 3803 2257 3882 ab
2307 3804 2432 3900 {jv

534 3919 835 4012 'adsibss
883 3922 1131 4017 senfim
1178 3924 1478 4014 audium
1504 3984 1532 4024 ,
1590 3953 1753 4032 cum
1833 3917 1938 4023 δίε
1998 3927 2150 4013 rad.
2202 3927 2428 4016 chinae
