2752 4673
511 481 516 484 ’
576 488 713 564 182
901 465 1312 582 m's'ronun
1355 485 1623 590 ramus
1667 486 2059 555 HEcncAE
2166 534 2175 543 .
2235 489 2294 569 ς.
2335 495 2450 582 38·

876 689 969 788 e)
1017 689 1431 788 Metaftases
1485 694 1803 797 denique
1843 751 1869 786 ,
1936 696 2056 773 -ad
2116 721 2295 797 quas
2352 694 2462 774 se-

572 833 804 914 quens
862 839 941 890 A.
1007 841 1199 893 VAT
1223 842 1266 894 ε
1290 845 1337 896 R
1360 844 1389 895 1
1450 815 1580 917 (e)
1651 816 2065 896 observatio
2124 815 2458 895 referen-

573 936 663 1013 da
690 934 1039 1018 videtur:
1090 930 1145 1031 ,‘,
1175 943 1424 1043 puella
1458 968 1506 1038 4
1547 943 1848 1021 circiter
1913 963 2265 1017 annorum
2290 997 2317 1029 ‚
2365 943 2459 1018 ab

565 1098 626 1149 ¹„
678 1057 1129 1142 incunabulis
1164 1067 1695 1145 valetudinaria
1716 1121 1743 1157 ,
1794 1065 2127 1163 adeoque
2183 1061 2407 1139 tristis
2431 1119 2462 1153 ,

503 1213 508 1220 ’
569 1233 625 1269 ,,
677 1180 957 1258 morosa
988 1241 1015 1273 ,
1089 1208 1168 1263 et
1224 1188 1313 1264 ad
1358 1189 1540 1267 iram
1603 1214 1836 1291 prona
1892 1186 1998 1266 A.
2077 1206 2275 1291 1744
2338 1213 2462 1265 au-

458 1404 464 1413 ,
567 1355 627 1393 »
680 1305 932 1381 tum'no
1009 1309 1446 1411 paroxysmo
1534 1313 2075 1412 corripiebatur
2160 1306 2467 1401 febrili,

503 1458 512 1464 ·
570 1477 626 1515 „
681 1449 831 1527 quo
903 1430 1067 1529 post
1119 1429 1405 1532 aliquot
1477 1433 1699 1512 horas
1777 1433 2208 1514 remittente
2282 1432 2467 1512 inse-

571 1599 628 1638 „
681 1568 955 1652 quente
1010 1552 1134 1630 die
1189 1550 1421 1633 febris
1490 1553 1829 1633 immunis
1888 1574 2071 1635 erat.
2191 1556 2466 1636 Tertio

503 1701 511 1710 ·
572 1726 630 1762 „
681 1670 806 1749 die
863 1696 1103 1752 novus
1152 1676 1544 1756 accedebat
1606 1676 1910 1757 insultus
1991 1676 2465 1756 tertianarum

571 1846 632 1883 „
678 1816 927 1882 more,
982 1792 1274 1895 frigore
1316 1800 1574 1878 itidem
1623 1801 2017 1904 ingruens-3
2095 1796 2220 1877 sed
2263 1784 2508 1878 calor*

572 1966 629 2002 „
682 1910 1180 1992 intenfiffimus
1232 1915 1520 1997 secutus
1560 1924 1752 1999 ultra
1817 1944 1913 2015 24
1970 1920 2189 1999 horas
2255 1922 2466 2001 dura-

511 2073 514 2078 -
575 2085 633 2122 ‚,
691 2033 856 2122 bat,
908 2053 987 2113 et
1023 2062 1160 2138 per
1216 2040 1501 2143 aliquot
1542 2042 1703 2120 dies
1750 2044 2217 2126 continuabat
2241 2103 2267 2136 ,
2324 2071 2458 2148 per

505 2183 512 2196 ’
569 2207 630 2248 ‚,
682 2153 1076 2238 intervalla
1143 2161 1423 2243 incerta
1466 2184 1726 2243 -tamen
1797 2165 2181 2250 remittens
2219 2225 2245 2260 ,
2316 2191 2467 2248 tan-

575 2327 631 2369 ‚‚
682 2277 993 2384 demque
1027 2281 1105 2360 in
1142 2283 1425 2366 lentum
1453 2289 1881 2374 mutabatur,
1930 2333 1933 2336 1
1989 2289 2221 2372 Urina
2256 2318 2460 2396 aegrae

501 2434 508 2443 ·
550 2428 632 2490 ·‚,
682 2414 840 2480 erat
891 2404 1103 2487 densa
1127 2466 1153 2501 ,
1235 2410 1514 2492 cinerei
1589 2413 1679 2490 ad
1725 2414 2016 2514 nigrum
2076 2417 2464 2516 vergentis

487 2544 504 2566 ³
570 2579 627 2614 ‚,
682 2527 959 2606 coloris
992 2545 1156 2610 cum
1190 2531 1591 2615 sedimento
1617 2535 1907 2614 mucoso
1951 2539 2463 2637 graveolente‚

487 2678 508 2732 ῃ
545 2686 632 2736 -,,
685 2669 781 2720 ex
834 2673 994 2748 quo
1050 2652 1244 2743 haud
1300 2657 1494 2738 levis
1553 2678 1715 2736 orta
1763 2660 1869 2736 est
1912 2655 2222 2759 suspicio
2281 2659 2467 2737 labis

576 2782 807 2854 „aut
850 2773 1352 2871 corruptionis
1404 2776 1710 2856 visceris
1761 2780 2165 2878 cujusdam,
2215 2781 2270 2856 fi
2313 2805 2466 2860 non

425 2884 428 2890 ’
505 2922 508 2927 -
572 2937 630 2976 ,,
683 2883 1053 2985 praesentis
1112 2891 1369 2973 saltem¹
1438 2898 1907 2984 imminentis,
1998 2988 2001 2991 ,
2064 2900 2462 2982 Abdomen

571 3061 627 3099 ‚,
682 3026 1030 3108 praeterea
1057 3015 1443 3096 tumidum
1425 3078 1451 3111 ‚
1501 3021 1850 3114 inflatum,
1888 3049 1970 3103 ac
1999 3025 2253 3102 durum
2299 3042 2462 3105 erat

502 3171 510 3178 -
573 3185 631 3223 ‚,
683 3155 847 3208 cum
890 3135 1388 3220 obstructione
1431 3144 1632 3236 alvi,
1707 3170 1848 3248 qua
1897 3147 2080 3227 licet
2145 3148 2460 3231 reserata

576 3307 631 3344 ,‚
653 3271 925 3335 tumor
963 3258 1365 3342 abdominis
1405 3271 1774 3359 manebat,
1847 3270 1978 3370 qui
2024 3291 2262 3350 tamen
2313 3299 2459 3351 em-

422 3432 437 3441 κ
481 3396 510 3433 ‘-
573 3431 629 3468 „
683 3377 953 3478 plastro
994 3385 1469 3469 carminativo
1518 3416 1555 3471 s
1578 3417 1621 3471 Y
1645 3416 1807 3474 rvr
1834 3412 1864 3465 1
1909 3393 2271 3492 applicato
2328 3396 2456 3475 ali·-

586 3606 2456 3663 ww

664 3746 790 3835 (e)
833 3756 980 3822 Diff,
1017 3759 1091 3821 de
1130 3778 1316 3827 curat.
1343 3789 1450 3848 per
1487 3769 1969 3852 exspectationem
2015 3774 2118 3854 (in
2168 3800 2318 3839 nat,
2341 3801 2457 3841 LE·

838 3876 913 3921 111
955 3856 1166 3946 disput.
1208 3863 1308 3933 cit.
1346 3873 1429 3937 T.
1474 3882 1538 3954 7.
1584 3876 1652 3940 P.
1698 3888 1758 3938 1.
1796 3878 1907 3940 No
1942 3888 2092 3950 228.
2126 3899 2192 3961 p,
2232 3879 2348 3961 4).
