2752 4673
342 388 405 431 „f

284 558 507 674 563.
642 569 649 577 ’
954 582 1286 648 PARS
1369 582 1456 650 n.
2020 540 2162 679 363

144 876 165 893 .,
271 857 328 895 ,,
380 802 451 878 la
512 795 715 899 panis
750 770 1178 892 ssmilagiliei
1203 846 1229 881 ‚
1283 807 1586 891 oryzam
1619 848 1643 881 ,
1685 809 1792 869 et
1841 791 2160 873 hordeo-

273 940 329 1015 ς,
382 924 533 999 lum
574 918 698 996 seu
734 914 1097 1017 polentam
1124 971 1150 1004 ,
1209 933 1288 991 et
1343 916 1708 1017 praecipue
1747 938 1952 994 ranas
1991 947 2017 1010 ‚
2068 920 2157 997 li-

271 1104 330 1140 „
381 1066 660 1132 maces‘,
714 1064 797 1116 ac
835 1036 1277 1131 testudines‘,
1330 1039 1707 1141 repudiata
1750 1042 1951 1118 omni
2008 1067 2158 1121 car-

275 1228 329 1263 „
382 1197 519 1260 ne,
570 1170 652 1245 in
726 1162 947 1241 brevi
997 1161 1369 1251 sanitatem
1432 1162 1808 1263 pristinam·
1852 1164 2176 1267 adeptus·

271 1350 328 1385 „
383 1293 488 1370 est
528 1290 721 1368 citra
759 1287 1071 1381 aliorum
1133 1283 1821 1364 medicamentorum
1861 1289 2160 1384 usum„-

279 1444 319 1494 Ρ
348 1442 376 1493 1
404 1441 439 1493 s
471 1441 512 1491 c
533 1441 584 1491 H
605 1440 649 1490 E
669 1433 782 1490 Ro
812 1405 949 1508 (b)
986 1409 1281 1513 quoque
1331 1406 1627 1487 lleffitica
1659 1409 1958 1504 febre„
1984 1409 2170 1517 affe-g

273 1594 328 1630 „
380 1535 486 1615 &i
527 1537 671 1614 duo
726 1532 1210 1611 occurrebant
1238 1533 1459 1632 aegri,
1517 1554 1778 1614 unus,
1908 1557 2161 1617 ‚tem

271 1717 327 1754 ‚‚
385 1657 791 1762 peramenti
839 1653 1273 1733 cholerico·
1295 1653 1721 1755 sangvinei,
1805 1650 2168 1741 annorum¹

270 1798 325 1876 ,·,,
377 1798 471 1884 38
498 1842 521 1873 ,
573 1784 762 1859 alter
827 1835 848 1857 .
907 1834 928 1856 .
1009 1833 1030 1855 .
1101 1781 1659 1877 temperamenti
1702 1779 2164 1886 sangvineo

270 1961 326 1994 ,‚
378 1901 802 1994 cholerici,
880 1921 1232 1976 annorum
1314 1924 1482 1995 25,
1579 1920 1797 2004 atque
1867 1903 1995 1985 sub
2048 1906 2154 1988 se

269 2081 325 2116 ,‚
381 2024 637 2127 quenti
682 2022 1071 2124 apparebat
1107 2021 1186 2096 in
1218 2024 1564 2099 ambobus
1610 2012 1952 2122 subjectis
2005 2027 2180 2109 effia·

264 2174 320 2238 ,·,
374 2148 543 2249 gie:
597 2145 842 2248 pulsus
887 2146 1047 2222 erat
1092 2139 1516 2244 frequens‚'
1565 2147 1831 2226 debilis
1875 2139 2159 2248 tamen,
2207 2153 2214 2162 ’

265 2294 321 2362 ,“,
346 2268 349 2271 ’
376 2288 456 2347 et
501 2269 630 2346 ubi
677 2269 955 2347 arteria·
996 2267 1467 2369 tangebatur,
1519 2273 1719 2350 calor
1768 2274 1994 2355 initio
2024 2278 2160 2355 mi*

198 2449 207 2458 .
266 2447 323 2483 „
373 2392 523 2478 εἰς,
577 2408 653 2468 at
691 2390 821 2466 ubi
892 2388 1168 2467 diutius
1203 2390 1445 2493 digito
1494 2392 1889 2496 compreffa
1920 2398 2158 2480 serva·

271 2568 326 2603 „
370 2514 591 2608 batur
636 2568 663 2604 ,
734 2536 829 2588 eo
877 2509 1289 2598 mordacior
1347 2538 1506 2596 erat
1551 2572 1577 2606 ,
1665 2516 1786 2596 sed
1831 2544 1974 2600 una
2026 2524 2161 2602 vel

265 2691 321 2727 „
373 2636 602 2712 altera
683 2634 868 2713 hora
962 2662 1002 2712 a
1084 2635 1286 2736 pastu
1357 2663 1528 2716 mox
1628 2637 2168 2723 incrementum

258 2808 321 2847 -„
375 2758 635 2859 coepit.
740 2759 971 2835 Prout
1030 2757 1277 2860 ita‘que
1328 2760 1573 2861 pulsus
1614 2787 1751 2864 per
1808 2764 2159 2847 interval..

266 2938 322 2973 ‚,
375 2878 444 2958 la
499 2879 748 2968 varius
816 2876 1330 2961 observabatur
1365 2940 1393 2972 ,
1468 2886 1608 2964 ita*
1651 2887 1850 2965 idem
1936 2890 2170 2968 etiam-

256 3061 312 3096 „
383 3004 475 3082 de
538 3004 819 3082 calore·
873 3004 1291 3102 adnotatum
1382 3008 1502 3085 est‘
1524 3064 1550 3097 ‚
1616 2995 1936 3114 excepto
2017 3007 2170 3093 in‘of

198 3199 218 3220 x
257 3185 313 3221 „
367 3145 733 3236 tempore
777 3128 940 3227 post
996 3129 1314 3229 pastum,
1368 3133 1499 3209 ubi
1554 3135 1779 3232 major
1836 3153 1916 3214 et
1965 3160 2156 3214 mor-
2237 3187 2240 3190 >

259 3306 314 3339 ,‚
366 3250 615 3334 dacior
677 3248 1169 3338 sentiebatur,
1225 3251 1603 3354 magisque
1672 3255 2014 3334 molestus
2069 3256 2195 3362 ae's

258 3425 313 3459 ,‚
365 3372 519 3471 gris
586 3388 747 3450 erat
795 3426 820 3460 ‚
911 3370 1305 3447 accedente
1374 3389 1472 3450 <ut
1557 3376 1947 3476 plurimum
2023 3380 2159 3456 tali

260 3549 315 3582 „
370 3475 704 3595 tempore
774 3488 1232 3592 displicentia
1303 3491 1412 3570 sui
1487 3491 1757 3597 ipfius5
1812 3498 1901 3576 ad
1937 3523 2200 3602 agen--

255 3671 310 3707 ‚,
366 3615 454 3694 da
517 3611 980 3692 inhabilitate
999 3619 1026 3705 ’,
1110 3611 1532 3720 majoreque
1564 3619 1837 3700 virium
1895 3618 2157 3698 debili-

342 3894 481 3983 (b)
527 3900 747 3965 Annal.
799 3901 1056 3965 Vratisls
1082 3905 1259 3970 Tent
1301 3893 1402 3986 13
1439 3912 1522 3977 A.
1577 3923 1761 3998 1720.
1814 3916 1986 4054 Aug.
2049 3911 2153 3979 Cl

378 4027 383 4032 ·
511 4014 577 4069 ἢ·
625 4014 732 4069 m,
775 4015 835 4082 3·
878 3999 936 4081 ὃ·
980 4026 1041 4083 4·
1088 4029 1153 4091 p·
1195 4018 1352 4099 175
