2752 4673
491 608 638 682 204
691 621 696 628 ·
810 591 1223 660 msTomAE
1268 589 1541 654 famus
1584 588 1978 668 neonem·
2180 585 2240 663 ς.
2293 599 2395 673 44

490 800 961 878 inducendam
1029 791 1439 899 proniflima
1486 795 1619 886 fit,
1680 795 1820 872 hac
1872 820 1926 870 va
1974 790 2407 871 catharticis

482 925 747 1002 oborta
799 944 991 998 mors
1053 916 1601 997 accelerabimr.
1706 919 1864 996 Imo
1917 939 2054 1019 per
2120 914 2396 1017 princi-

486 1047 609 1147 pia
670 1068 965 1148 quoque
1027 1040 1266 1119 morbi
1308 1095 1360 1129 „
1414 1039 1493 1115 in
1557 1036 1851 1117 hestica
1901 1038 2209 1141 fimplici
2266 1036 2395 1115 seu

416 1212 441 1227 ·
489 1226 540 1261 „
598 1169 747 1244 fine
798 1163 997 1244 febri
1062 1163 1355 1268 putrida
1408 1221 1428 1242 .
1483 1219 1504 1241 .
1561 1217 1583 1240 .
1636 1163 2063 1275 cemplicata
2126 1186 2265 1240 nec
2319 1188 2393 1239 e-

480 1346 536 1382 „
589 1289 1059 1379 vacuationes
1123 1311 1262 1365 nec
1320 1286 1439 1362 Vae
1515 1292 1627 1364 ses
1687 1311 1827 1365 nec
1906 1286 2385 1392 purgationes

480 1469 536 1506 „
590 1410 750 1490 sunt
829 1410 1283 1489 instituenda:
1330 1463 1357 1499 ‚
1459 1411 1705 1514 inquit
1785 1436 1872 1490 M.
1968 1416 2393 1487 Eri-Miiu-

481 1593 545 1629 ‚,
590 1556 904 1616 tenus
970 1527 1161 1632 (p)3
1215 1532 1327 1610 hae
1382 1532 1580 1610 enim
1644 1531 1926 1634 semper
1998 1535 2203 1611 vires
2270 1532 2393 1608 de-

480 1716 537 1753 „
592 1659 887 1738 bilitant
925 1713 965 1748 .‚
1036 1682 1114 1734 et
1203 1655 1728 1733 nutrimentum
1809 1657 2147 1757 corporis
2223 1657 2417 1758 plus'

482 1839 536 1874 „
590 1782 827 1858 minus
872 1779 1370 1879 depraedantur
1418 1810 1526 1872 „z
1580 1781 1710 1858 nifi
1767 1775 1965 1857 forte
2014 1774 2387 1857 manifesta

478 1903 846 1982 adfuerint
944 1898 1246 1978 saburrae
1343 1905 1637 1982 indicia.
1786 1908 1909 1982 Sat
1975 1902 2209 2003 igitur
2272 1898 2381 1977 fu·

481 2025 631 2101 erit
736 2021 1139 2099 curationis
1233 2024 1454 2101 initio
1509 2028 1753 2102 alvum
1793 2026 2015 2104 semel
2069 2051 2150 2103 ac
2187 2025 2381 2102 blan-

471 2140 757 2221 -diffime
807 2140 1236 2224 subduxiffe.
1282 2203 1294 2216 .
1345 2150 1719 2227 Postremo
1771 2169 2013 2227 autem
2073 2143 2383 2225 hecticae

480 2264 562 2342 in
610 2265 839 2366 gradu
895 2291 1073 2345 cane
1119 2267 1326 2370 pejus
1393 2289 1470 2351 et
1518 2295 1758 2375 angue
1814 2270 1975 2351 sunt
2034 2267 2385 2373 fugienda

478 2389 575 2467 ob
625 2387 950 2470 funestos
1008 2393 1181 2471 inde
1241 2382 1668 2476 observatos
1728 2416 2068 2477 eventus,
2152 2391 2380 2496 Apud

481 2538 548 2592 Ρ.
605 2538 1302 2610 HOFFMANNQM
1389 2518 1550 2619 (q)
1650 2578 1703 2613 „
1778 2520 1899 2598 vit
1987 2519 2377 2622 quadrage-

480 2694 535 2729 „
587 2640 884 2741 11311113,
947 2659 1162 2721 tener
1225 2644 1753 2723 constitutione
1784 2701 1807 2735 ,
1859 2644 2020 2747 post
2075 2632 2378 2743 longum

488 2816 544 2853 „
600 2762 821 2838 animi
886 2786 1281 2841 moerorem
1335 2784 1415 2843 et
1477 2765 1704 2845 vitam
1750 2764 2218 2844 sedentariam
2270 2763 2377 2839 in-

475 2938 531 2974 „
594 2881 776 2958 cidit
842 2880 919 2956 in
977 2868 1429 2985 lahgvoremssf
1458 2886 1780 2978 virium,
1817 2888 2154 2991 corporis
2196 2902 2376 2964 mar-

474 3059 530 3094 „
582 3026 873 3090 corem,
941 3003 1311 3104 appetitus
1380 3008 1934 3107 prostrationem
1969 3067 1995 3102 ‚
2056 3013 2389 3088 calorem>

422 3180 426 3183 ψ
474 3181 527 3215 ,,
585 3151 659 3226 p.
713 3149 785 3205 n.
840 3147 1003 3201 cum
1053 3122 1261 3225 pulsu
1311 3126 1533 3233 debili
1588 3139 1666 3209 et
1726 3130 2154 3237 frequenti,
2196 3129 2374 3210 som-

472 3303 527 3341 „
579 3272 676 3325 no
758 3268 978 3350 parco
1057 3266 1135 3326 et
1205 3248 1669 3353 interrupto,
1739 3251 1928 3332 facie
1989 3251 2371 3355 plumbea,

369 3380 376 3387 ’
470 3427 523 3461 ,,
577 3369 728 3447 oris
780 3370 1101 3450 siccitate
1182 3394 1592 3474 perpetua,
1661 3395 1739 3467 et
1821 3374 2083 3453 sudore
2150 3395 2372 3451 matu-

473 3534 546 3585 „-
583 3495 768 3575 tino,
922 3497 1103 3572 Cum
1161 3487 1283 3573 hii
1347 3520 1484 3597 per
1541 3496 1586 3575 6
1638 3495 2063 3600 septimanas
2126 3493 2372 3578 fu‘ifl'et

556 3869 687 3954 (P)
735 3873 973 3961 CQUeg.
1018 3876 1192 3957 prast.
1244 3875 1287 3942 Ι.
1337 3900 1393 3947 c.

527 3974 690 4064 ’(9)
729 3978 775 4049 l,
818 4000 869 4047 ο.
915 3979 1151 4089 observ.
1203 3999 1263 4057 z.
1343 4044 1346 4047 ,
1384 4042 1385 4045 ,
