2752 4673
579 508 721 601 364
912 514 1357 580 msrouan
1401 512 1674 581 ramus
1720 514 2118 583 finenem
2298 501 2490 596 §68

561 777 617 813 ‚‚
671 738 820 800 tate
874 748 957 799 ac
1014 719 1308 799 somno:
1362 741 1689 801 ceterum
1751 722 1901 800 alio
1961 742 2303 820 tempore
2369 745 2487 797 ca-

556 898 613 933 „
664 844 782 919 lor
833 843 1113 946 semper
1158 844 1322 923 fere
1381 846 1672 947 aequalis
1726 865 1925 945 erat,
2016 866 2152 921 nec
2214 844 2478 943 praedi-

558 1022 616 1056 ‚,
668 963 810 1043 etis
883 965 1480 1070 symptomatibus
1582 989 1725 1045 tam
1804 970 2146 1048 molestus
2217 1024 2245 1057 ,
2347 967 2474 1043 nifi

557 1143 612 1180 ‚,
663 1090 861 1191 quod
929 1089 1006 1165 in
1067 1090 1225 1168 dies
1303 1090 1816 1201 insenfibiliter
1877 1113 2145 1190 corpus
2220 1089 2473 1168 consu-

557 1267 610 1302 „
664 1230 1030 1302 meretur,
1107 1212 1463 1315 viresque
1529 1212 1903 1291 amitteret
1944 1210 1970 1291 .’
2022 1269 2043 1290 .
2100 1268 2124 1291 .
2215 1212 2472 1290 Adeo·

554 1389 608 1424 ,‚
661 1357 807 1436 que
846 1388 867 1410 .
923 1388 944 1409 .
1004 1390 1024 1411 .
1077 1336 1229 1413 leni
1286 1337 1573 1412 laxante
1642 1335 1909 1434 primas
1964 1334 2126 1412 vias
2208 1358 2468 1436 purga-

552 1512 607 1550 „
659 1459 822 1550 vit,
874 1439 1041 1561 'quo
1100 1458 1551 1535 commodius
1604 1457 1984 1562 tutiusque
2047 1454 2253 1532 usum
2305 1452 2466 1558 perss

554 1639 608 1674 ‚‚
662 1579 863 1659 ferre
917 1570 1199 1682 poffent
1247 1612 1268 1677 3
1337 1580 1537 1683 quod
1580 1582 1800 1659 etiam
1853 1586 2042 1662 bene
2097 1577 2465 1658 succeffit:

552 1764 606 1799 ‚‚
661 1731 743 1783 ac
805 1706 1091 1783 tandem
1188 1701 1574 1782 secundum
1645 1707 2071 1785 methodum
2142 1688 2210 1782 a*
2255 1728 2458 1793 SEN-

502 1816 603 1920 ’,,
662 1853 988 1906 NERTo
1083 1824 1112 1925 (
1139 1823 1216 1921 c)
1309 1828 1788 1930 praescriptam
1865 1826 2068 1906 lacle
2148 1826 2460 1929 caprillo

547 2005 602 2040 ,‚
658 1950 1071 2026 utebantur.
1223 1951 1407 2032 Quo
1459 1974 1622 2026 cum
1676 1970 2063 2049 uterentur
2108 2008 2134 2041 ,
2204 1948 2462 2052 saepius

549 2132 602 2167 „
656 2073 1087 2150 emulfiones
1164 2088 1653 2177 temperantes
1747 2099 1840 2151 ex
1918 2072 2091 2188 fem.
2165 2097 2213 2167 4
2277 2072 2453 2174 frig.

545 2254 600 2291 ‚‚
660 2196 818 2294 maj,
870 2194 1027 2271 adda
1081 2193 1241 2271 test.
1289 2195 1459 2271 ostr.
1495 2189 1789 2293 „succiln
1872 2195 2011 2272 alb.
2079 2219 2207 2297 pp.
2261 2192 2456 2299 spem=

545 2379 600 2415 „
655 2316 1140 2421 diamargarit.
1216 2313 1310 2395 fr.
1384 2315 1768 2394 diasaturni
1844 2339 2137 2396 MYNs.
2214 2313 2455 2395 arcan.

544 2500 598 2536 „
653 2447 852 2545 dupl.
918 2444 1056 2522 &a
1098 2466 1395 2547 quoque
1455 2440 1820 2517 exhibuit.
1927 2438 2067 2519 His
2105 2441 2210 2518 ita
2251 2439 2457 2517 usur-

544 2623 598 2658 „
651 2567 841 2668 patis
904 2567 1537 2645 commendabatur
1601 2565 1807 2643 fimul
1860 2561 2236 2641 commoda
2318 2558 2456 2639 fri-

545 2745 600 2780 „
653 2689 1050 2791 gidiusculi
1123 2689 1313 2766 aeris
1387 2683 1806 2787 inspiratio,
1870 2702 2180 2816 aptaque
2250 2686 2456 2763 ratio

539 2866 593 2902 „
650 2807 895 2888 vietus
943 2835 1037 2887 ex
1096 2808 1369 2913 ptisana
1416 2828 1497 2904 et
1551 2829 1883 2885 cremore
1925 2806 2232 2897 hordei,
2275 2797 2454 2918 ovis

537 2986 592 3024 ,‚
646 2930 1113 3022 recentibus,
1187 2929 1482 3034 gallinis
1510 2987 1535 3020 ‚
1583 2927 2023 3030 caponibuS,
2076 2927 2394 3033 agnellis
2423 2986 2451 3021 ‚

538 3112 591 3147 ,‚
647 3053 784 3131 &a
822 3052 1074 3129 herbis
1144 3049 1756 3154 refrigerantibus
1815 3052 2163 3138 alteratis·
2247 3050 2445 3133 Quae

541 3234 595 3270 ‚,
654 3176 896 3256 omnia
933 3198 1094 3262 cum
1140 3170 1670 3267 observaffent,
1717 3165 2093 3279 'pristinam
2134 3199 2439 3276 quoque

410 3343 418 3347 -
536 3355 588 3390 ,‚
644 3299 1013 3381 sanitatem
1103 3299 1630 3399 recuperabant
1672 3356 1696 3389 ,
1788 3322 2248 3401 corporaque
2314 3322 2441 3374 eo·

428 3477 441 3488 s
531 3477 586 3516 ,‚
639 3447 802 3499 rum
873 3418 1116 3498 rursus
1183 3419 1387 3497 vires
1469 3436 1688 3521 atque
1753 3444 2005 3498 carnes
2066 3413 2442 3518 affumpse-

528 3599 585 3636 ‚‚
635 3563 860 3643 runt„
925 3562 1004 3626 et
1067 3544 1213 3622 huc
1267 3541 1490 3646 usque
1547 3542 1634 3623 ab
1699 3542 1895 3622 omni
1924 3537 2290 3620 heilica.
2346 3594 2368 3652 ·.
2411 3592 2436 3616 .

541 3777 2417 3811 m

516 3995 521 3998 -
607 3892 731 4018 (c)
777 3915 819 4008 1.
864 3962 918 4007 c.
