2752 4673
178 786 203 819 ⁴

1971 450 1988 489 l

240 442 475 559 5468.
686 520 708 537 ψ
906 460 1002 537 Ῥ
1047 418 1107 538 A
1152 477 1198 537 R
1247 475 1286 539 s
1342 476 1457 544 x11.
1525 484 1552 551 ἢ
1968 492 2160 572 .353

274 739 328 773 ,‚
381 683 478 767 tis
540 739 560 762 .
615 737 637 761 .
691 737 712 759 .
767 680 1110 757 Bononiae
1170 737 1202 775 ¹.
1257 735 1279 760 .
1334 735 1355 759 .
1412 680 1933 763 decumbebat.¹
2035 686 2220 767 Ad·

270 864 324 898 „
379 832 597 908 quem
686 799 1250 904 egodeduclus
1321 827 1466 881 una
1548 827 1710 898 cum
1788 832 2165 891 ELIDEO

270 983 324 1018 „
380 930 838 1024 Praecep‘tore
874 950 1041 1004 meo
1081 984 1100 1004 .
1159 984 1180 1004 .
1239 984 1260 1006 .
1315 946 1394 1004 et
1440 926 1604 1004 aliis
1635 928 1937 1008 medicis
1986 935 2163 1036 praess

270 1103 324 1137 „
377 1043 849 1137 stantissimiS,
904 1048 1035 1148 qui
1080 1050 1392 1126 eundem
1429 1048 1779 1153 juvenem
1823 1055 2166 1154 quotidie

262 1212 325 1258 ‹„
380 1165 811 1247 invisebant.
915 1169 1109 1246 Huic
1153 1169 1589 1270 descriptum
1638 1167 1785 1250 fuit
1827 1174 2163 1255 balneum

270 1343 324 1377 „
380 1288 706 1387 tepidum
789 1313 884 1366 ex
962 1317 1141 1392 aqua
1210 1292 1516 1392 simplici
1598 1316 1677 1373 et
1734 1296 1907 1374 oleo
1977 1298 2172 1378 oliv.-

268 1467 323 1501 „
375 1412 657 1489 recenti
714 1441 737 1507 3
841 1415 1091 1514 postea
1151 1416 1372 1492 etiam
1423 1472 1449 1507 ,
1558 1441 1722 1493 cum
1783 1416 2169 1496 ditiflimus

265 1590 322 1625 ‚,
378 1528 555 1611 effet
625 1590 683 1622 ,.
755 1556 850 1612 ex
929 1534 1084 1615 solo
1179 1540 1353 1645 oleo
1442 1563 1698 1638 puro:
1803 1538 1998 1639 quia,
2043 1565 2164 1615 cu-

246 1714 322 1753 l„
376 1654 523 1735 tem
581 1658 849 1734 aridam
894 1661 1143 1739 ficcam
1203 1676 1282 1733 et
1330 1655 1544 1757 supra
1598 1644 1888 1734 modum
1962 1657 2166 1760 squa-

230 1800 318 1871 ·‚,
369 1780 586 1856 lidam
646 1780 981 1858 habebat.
1125 1785 1224 1860 Et
1281 1782 1367 1858 ab
1425 1778 1583 1880 ipso
1637 1780 1878 1856 balnei
1951 1780 2164 1859 exitu

142 1986 155 1994 ,
263 1956 320 1992 ,,
371 1900 635 1976 medici
686 1901 1143 2001 imperabant-
1169 1905 1328 2004 post
1371 1904 1617 1979 levem
1678 1902 2166 1980 deterfioneln
2217 1916 2228 1921 “

258 2058 320 2114 ·,,
375 2048 535 2098 cum
587 2021 913 2123 spongiis
955 2042 1032 2097 et
1082 2024 1319 2101 linteo
1359 2024 1744 2115 molliore,
1796 2040 1879 2100 ut
1928 2022 2166 2107 statim

260 2171 339 2249 „¹
370 2143 791 2221 comederet
855 2143 1131 2244 aliquid
1208 2145 1354 2221 cibi
1416 2143 1854 2233 nutrientiS,
1901 2162 2003 2220 ut
2047 2143 2164 2221 vi-

261 2321 314 2357 „
368 2267 546 2343 tella
597 2290 911 2343 ovorum
942 2267 1066 2343 vel
1086 2289 1362 2364 *panem
1393 2265 1815 2345 albiflimum
1846 2261 2164 2347 infusum

263 2443 317 2477 „
371 2412 535 2463 cum
581 2383 773 2463 laete
850 2388 1211 2486 caprillo3
1291 2389 1556 2487 deinde
1614 2411 1700 2467 ut
1772 2388 1883 2464 lac
1940 2386 2164 2467 etiam

263 2495 317 2599 „
369 2509 704 2597 biberet,
751 2508 1100 2605 jubebant
1129 2567 1152 2602 ,
1182 2511 1285 2589 vet
1344 2512 1543 2613 quod
1598 2509 1832 2586 statim
1879 2505 2182 2585 leffium'

226 2629 317 2721 ἐς,
372 2625 887 2729 ingrederetur
937 2633 1307 2711 moderate
1359 2631 1671 2711 calidum
1731 2629 1858 2708 seu
1904 2627 2161 2733 potius
2251 2625 2258 2629 ’

260 2807 321 2843 ,,
370 2750 739 2851 tepidum,
794 2750 870 2853 se
898 2751 1141 2857 --seque
1197 2757 1285 2833 ad
1354 2754 1676 2833 somnum
1703 2810 1729 2845 ,
1771 2753 1841 2829 -fi
1894 2746 2158 2855 pofl'et,

257 2934 312 2969 „
367 2895 844 2976 componeret
894 2932 916 2954 .
973 2934 994 2954 .
1050 2933 1073 2957 .
1127 2877 1492 2955 Curabant
1538 2876 1803 2967 etiam,
1864 2893 1947 2952 ut
2002 2871 2156 2965 aer,

254 3057 309 3093 „
362 3002 444 3077 in
508 3024 656 3101 quo
712 3025 902 3100 aeger
974 3002 1501 3093 decumbebat,
1554 2999 1927 3108 moderate
1984 2997 2161 3090 cali-2.

254 3179 309 3214 „
364 3123 496 3199 dus
547 3120 1030 3223 humidusque
1096 3118 1274 3200 effet
1329 3148 1425 3200 ex
1453 3187 1456 3190 ,
1489 3137 1744 3199 natura
1800 3124 1928 3201 vel
1992 3146 2152 3200 arte

256 3297 311 3332 „
364 3243 467 3319 ita
552 3260 875 3342 paratus·
910 3298 929 3319 .
1000 3297 1021 3318 .
1096 3302 1124 3344 „-
1228 3246 1472 3321 Unice
1556 3267 1852 3343 quoque
1937 3251 2152 3319 cave-

257 3393 311 3451 „
365 3365 572 3452 bant,
629 3387 721 3438 ne
797 3349 1176 3464 vigiliani,
1247 3366 1779 3452 inanitionem,
1829 3359 2138 3451 samem,

255 3536 313 3572 ‚,
367 3482 551 3558 fitim
586 3540 611 3574 ‚
671 3506 945 3562 motum
1023 3484 1446 3578 sustineret,
1501 3510 1673 3564 nec.
1711 3486 1936 3571 iram,
1994 3482 2144 3560 imo

253 3658 311 3698 „
360 3621 445 3680 ut
526 3592 718 3682 bene
827 3605 1150 3709 speraret
1234 3608 1325 3683 de
1404 3601 1629 3683 salute
1663 3663 1690 3696 ‚
1766 3605 2140 3704 jubebant.

257 3741 313 3820 „
370 3726 689 3811 Subinde
743 3731 887 3809 tale
959 3731 1137 3834 quid
1198 3728 1546 3810 nutriens·
1584 3729 1865 3810 dabant.
1913 3785 1938 3810 .
1996 3784 2020 3810 .

1662 3913 1729 4058 ,Ζ
1847 3913 1857 3924 .
