2752 4673
646 548 749 631 80
1005 546 1419 614 ms‘roluzu
1462 539 1737 607 tumus
1776 537 2163 607 unc‘rtcffi
2334 535 2568 620 §.220

647 751 958 861 perficie
1020 748 1286 851 pingvi
1313 803 1341 840 ,
1423 741 1802 825 sudoribus
1862 738 2242 823 nosturnis
2284 798 2310 834 ,
2363 745 2569 861 lan-7

647 901 888 984 gvore
956 870 1233 953 summo,
1261 929 1288 964 ,
1375 889 1455 950 et
1522 865 2084 970 consumptione
2151 867 2501 968 corporis
2520 924 2553 959 ,

652 993 1243 1103 hypochondriis
1286 995 1374 1075 ad
1424 996 1801 1074 thoracem
1861 989 2226 1069 convulfis
2261 1040 2287 1081 ,
2360 1014 2554 1067 con-

647 1118 892 1203 tratsto
935 1137 1203 1200 ventre
1237 1145 1322 1199 ac
1358 1118 1561 1197 inani
1581 1174 1608 1208 ,
1679 1113 1970 1195 absente
2030 1128 2270 1189 tamen
2332 1113 2554 1192 omni

648 1244 911 1323 dolore
938 1299 964 1335 ,
1029 1241 1222 1321 nihil
1280 1239 1816 1342 opitulantibus
1888 1236 2097 1313 diaeta
2160 1261 2243 1317 ac
2298 1259 2551 1314 reme-

650 1366 796 1446 diis
844 1385 1045 1448 totus
1078 1364 1469 1443 exhaustus
1522 1387 1568 1441 e
1596 1359 1757 1441 vita
1799 1358 2173 1460 migravit.
2277 1359 2365 1435 In
2416 1360 2549 1436 ab·-

647 1484 961 1569 dominis
1016 1502 1204 1562 cavo
1249 1478 1483 1559 serum
1540 1495 1699 1556 erat
1756 1472 2058 1555 effusum
2081 1535 2108 1569 ,
2161 1485 2546 1558 omentum
2638 1479 2644 1482 ’

648 1603 1141 1710 consumptum
1172 1660 1197 1695 ‚
1250 1601 1333 1681 in
1389 1599 1830 1681 mesenterio
1878 1603 2371 1705 tenuibusque
2424 1602 2541 1679 in-

643 1731 930 1810 testinis
986 1722 1569 1808 inflammationis
1630 1721 1901 1801 indicia
1933 1780 1961 1815 ,
2070 1725 2541 1805 ventriculus
2668 1750 2670 1771 ³

641 1848 1063 1931 contrafflus
1101 1850 1457 1929 diametro
1492 1873 1576 1925 ac
1609 1843 1845 1949 figura
1886 1848 2305 1928 intestinum
2335 1869 2536 1928 men«

644 1975 1027 2072 tiebatu1·;
1089 1971 1300 2070 jecur
1351 1968 1627 2074 grande
1675 1990 1834 2071 erat
1868 2028 1894 2062 ,
1963 1971 2371 2074 durumque
2448 1997 2534 2051 ac

638 2096 856 2200 plane
888 2096 1181 2200 nigrum
1209 2153 1236 2188 ,
1287 2114 1366 2173 et
1395 2091 1616 2171 lateri
1669 2091 1932 2171 dextro
1948 2149 1973 2185 ,
2035 2092 2532 2197 diaphragma-

641 2218 757 2314 ti,
848 2221 1215 2301 stomacho
1256 2279 1284 2314 ,
1368 2216 1691 2319 coloque
1774 2212 2085 2294 firmiter
2152 2217 2491 2299 adnatum
2508 2248 2534 2318 3

640 2349 797 2429 lien
831 2369 877 2447 5
923 2347 1262 2426 loborum
1324 2358 1525 2433 erat,
1577 2338 1809 2420 sanus,
1893 2340 2277 2424 ,Thoracis
2319 2344 2532 2423 costae

639 2496 892 2551 omnes
936 2489 1258 2574 totaeque
1286 2489 1432 2546 una
1467 2489 1644 2572 cum·
1663 2464 1908 2550 sterno
1947 2460 2271 2565 nuspiam
2320 2460 2530 2544 offeae

637 2592 761 2671 sed
794 2591 1284 2694 cartilagineae
1312 2586 1556 2668 fuere.
1660 2589 1916 2667 Pulmo
1971 2585 2322 2690 sangvine
2363 2591 2524 2691 ple-

640 2738 776 2791 nus
830 2713 1330 2813 distentusque
1380 2739 1406 2806 3
1470 2732 1603 2786 cor
1635 2799 1638 2802 ,
1665 2706 2040 2787 flaccidum
2064 2768 2124 2802 ,,
2168 2736 2478 2812 vacuum
2496 2743 2532 2812 ς

637 2827 1123 2932 pericardium
1148 2844 1400 2919 autem
1429 2822 1594 2904 sero
1633 2826 1945 2905 maxime
1980 2830 2347 2930 repletum
2382 2855 2520 2910 ma-

634 2946 965 3030 nifestam
1035 2942 1588 3052 perfectamque
1667 2950 2228 3050 hydrocardiam
2315 2955 2519 3042 exhi..

637 3072 842 3151 buit:
895 3071 1093 3150 unde
1129 3087 1342 3149 tantae
1373 3070 1617 3148 cordis
1652 3068 2153 3172 opprefliones
2182 3095 2262 3157 et
2302 3102 2506 3182 quan-

637 3193 881 3297 doque
974 3195 1261 3316 oborta4
1315 3194 1540 3274 animi
1612 3194 1936 3299 deliquia
2008 3193 2512 3300 sequebanmr.

626 3320 820 3396 Cum
868 3339 1056 3395 vero
1115 3340 1308 3418 aeger
1392 3315 1471 3391 in
1531 3318 1853 3418 pueritia
1909 3318 2335 3421 graviffimae
2400 3348 2544 3404 ce«.

629 3438 918 3543 phalaeae
974 3433 1104 3533 diu
1140 3435 1383 3516 fuerit
1442 3437 1852 3533 obnoxius»,
1926 3463 2144 3540 caput
2213 3472 2514 3550 quoque.

542 3636 549 3642 .
625 3560 927 3641 scrutari
988 3551 1313 3675 libuiffet
1339 3616 1366 3654 ,
1420 3561 1499 3639 ni
1526 3549 1673 3640 'alia
1699 3554 2232 3663 prohibuiffent
2283 3594 2520 3674 negoc,

626 3685 754 3764 tia.
860 3683 1114 3765 Hocce
1165 3672 1399 3790 igitur
1449 3685 1532 3764 in
1582 3683 1749 3764 casu
1811 3703 1935 3764 aut
2002 3686 2185 3767 duro
2256 3691 2505 3793 hepati

628 3803 859 3885 febris
900 3827 981 3885 et
1023 3806 1353 3909 hydrops
1390 3863 1418 3900 ,
1449 3895 1454 3900 ,
1484 3825 1611 3886 aut
1679 3794 2006 3912 hydropi
2067 3807 2207 3888 soli
2272 3810 2502 3893 febris

626 3928 1040 4032 imputanda
1099 3931 1422 4014 videtur.
1554 3931 1819 4052 Atque
1880 3956 1978 4011 ex
2035 3933 2157 4013 his
2221 3936 2498 4017 abunde
