2752 4673
347 530 550 625 §.300
689 578 696 609 ι
1041 550 1095 615 P'
1129 556 1189 618 A
1233 551 1285 619 R
1331 557 1372 625 s
1453 564 1513 630 1.
2085 590 2224 670 129

340 799 395 835 ‚,
448 734 802 829 abdomen
865 749 1062 834 circa
1117 757 1283 839 loca
1349 763 1688 851 dolorosa
1755 772 1833 852 se
1894 775 2226 870 offerunt

322 922 391 959 ‚,‚
443 871 761 974 vestigia
809 879 1121 958 tumoris
1177 886 1642 985 mediocris„
1688 921 1883 999 aegro
1954 907 2228 1001 tatium

330 1046 387 1084 „
440 990 835 1083 fortiorem
904 1001 1003 1078 ob
1065 1002 1358 1088 auctum
1426 1012 1709 1101 doloris
1788 1019 2061 1109 sensum
2115 1033 2229 1119 fu.

325 1168 384 1207 „
440 1116 729 1217 giente.'
824 1122 1062 1205 Urina
1112 1129 1462 1214 intenfius
1513 1137 1773 1236 tin-sta,
1822 1147 2041 1245 clara,
2079 1153 2227 1237 ful-

316 1254 382 1330 ω’
434 1239 630 1341 gida·
725 1244 1063 1333 Medicus
1134 1274 1299 1333 cum
1338 1280 1479 1357 per
1526 1261 1815 1366 aliquot
1871 1272 2032 1356 dies
2087 1300 2228 1363 tra..

310 1415 376 1453 „
428 1357 684 1447 &affer
728 1391 991 1472 aegrum
1014 1392 1056 1462 ‘‚
1115 1374 1584 1499 exasperatur
1660 1388 1878 1484 dolor
1899 1454 1929 1489 ,
1987 1399 2229 1486 inten-

318 1538 374 1579 ‚,
424 1485 626 1577 ditur
678 1489 929 1580 aestus,
993 1517 1188 1595 aeger
1240 1500 1623 1605 inquietus
1683 1534 1765 1595 et
1833 1523 2094 1602 anxins
2147 1550 2225 1605 e-

286 1660 373 1713 xi„
420 1609 646 1690 vadit.
749 1615 1204 1718 Supervenit
1263 1629 1553 1709 tandem
1625 1639 1880 1736 gravis
1946 1644 2225 1728 horror

310 1783 370 1825 ,,
423 1730 654 1811 totius
718 1741 1062 1839 corporis
1080 1799 1110 1835 ,
1179 1744 1311 1845 qui
1387 1750 1556 1835 aestu
1640 1748 1997 1873 consveto
2047 1794 2216 1872 per-

312 1906 365 1943 „
414 1876 732 1934 mutatur
749 1915 776 1949 ,
839 1887 1059 1965 quem
1110 1866 1275 1968 post
1328 1892 1371 1971 3
1439 1873 1665 1959 horas
1735 1887 2025 1991 excipit
2096 1893 2224 1973 in-

310 2016 379 2069 „-
417 1977 661 2061 tensus
724 1983 933 2086 rigor
991 2004 1227 2069 totum
1298 2018 1570 2101 corpus
1646 2009 1987 2109 quatiens
2065 2044 2211 2120 per«

306 2152 361 2190 „
413 2101 775 2206 integram
841 2105 1007 2189 fere
1083 2111 1406 2216 horam3
1479 2149 1632 2229 q-uo
1713 2134 2204 2220 evanescente

304 2274 358 2315 „
409 2228 612 2317 aestus
667 2228 993 2311 intensus
1024 2246 1031 2253 ‘
1059 2232 1497 2340 supervenit-
1511 2303 1538 2338 ‚
1611 2248 1865 2333 senfim
1927 2259 2019 2338 ad
2084 2259 2197 2341 so-

305 2404 360 2441 „
411 2350 627 2430 litum
725 2357 1046 2434 calorem
1095 2362 1442 2446 <lentum
1566 2376 1889 2458 rediens,
2044 2385 2197 2462 Ac·

299 2528 356 2564 ‚,
406 2476 677 2556 cedunt
726 2478 848 2555 his
894 2499 1197 2561 excreta
1254 2504 1452 2565 tetra
1502 2517 1641 2594 per
1691 2499 1938 2577 alvum
1962 2547 1989 2593 ,
2019 2502 2193 2583 .foe-

295 2647 354 2689 ‚‚
403 2599 595 2692 tida,
648 2596 1069 2682 varicolora
1094 2661 1122 2697 ,
1183 2624 1268 2685 et·
1336 2630 1489 2689 non
1575 2615 1769 2722 nihil
1825 2646 2193 2714 cruenta.

240 2799 244 2806 ,
293 2771 349 2816 -‚‚
401 2721 653 2800 Urinae
720 2740 976 2802 ‚autem
1042 2730 1483 2813 emittuntur
1515 2747 1520 2756 ’
1551 2737 1854 2836 turbidae
1902 2745 2186 2845 craffae‚
2245 2745 2256 2753 ’

290 2900 345 2938 ,,
397 2847 559 2948 post
621 2847 900 2927 horulae
972 2851 1303 2953 quietem
1367 2860 1849 2958 clarescentes
1906 2888 1987 2948 et
2059 2898 2183 2955 co-

286 3024 344 3062 „
392 2966 673 3071 piorum
749 2967 1226 3072 sedimentum
1307 2977 1608 3088 craffum
1676 2990 1916 3072 album
1972 2992 2206 3100 sepo..

288 3141 344 3186 ‚,
388 3111 655 3176 nentes
670 3149 698 3186 ,
760 3096 959 3197 quod
994 3099 1090 3177 ad
1140 3100 1391 3184 levem
1450 3108 1638 3188 vitri
1693 3116 2177 3216 agi-tationem

286 3269 341 3308 „
390 3210 649 3293 diffilit
671 3271 699 3307 ,
767 3235 849 3296 et
920 3221 1100 3302 hinc
1150 3225 1324 3316 inde
1362 3255 1561 3335 vago
1629 3259 1833 3315 motu
1887 3243 2175 3343 urina-m
2247 3331 2250 3334 ,

282 3392 339 3430 ,,
387 3338 812 3440 impraegnat
825 3396 851 3428 ‚
896 3365 1202 3448 eamque
1256 3348 1566 3431 laEteam
1615 3359 1894 3441 reddit.·
1935 3367 2201 3466 Sapor·

282 3515 337 3551 ,‚
387 3478 583 3537 teter
616 3460 1033 3563 percipitur
1078 3466 1162 3548 in
1199 3495 1358 3552 ore.
1460 3475 1787 3580 Aliquot
1811 3482 2044 3561 whoris
2075 3475 2178 3562 ab‘

282 3636 336 3673 ‚‚
385 3584 587 3660 omni
650 3582 855 3684 pastu
908 3583 1317 3667 intenditur
1363 3592 1568 3672 calor
1630 3598 1716 3675 in·
1801 3603 1974 3681 vola
2020 3629 2160 3685 ma-

279 3757 335 3794 „
385 3727 521 3783 nus
575 3705 970 3807 praesertim
1038 3693 1658 3815 perceptibilisw-
1745 3723 2159 3808 Dolendum

278 3822 439 3904 fime
452 3880 481 3918 ,
551 3846 697 3905 tam
771 3833 1133 3920 luculenti
1197 3836 1399 3921 casus
1448 3842 1882 3930 ulteriorem
1928 3867 2156 3931 even-

278 3963 428 4028 tum
483 3948 841 4058 ignorari.
1584 3972 1588 3976 ’
1910 4003 1915 4008 ·
