2752 4673
601 478 742 616 31⁵8
930 525 1346 593 msToRm:
1391 523 1670 592 remus
1716 521 2108 589 ⁸13chAE
2310 522 2386 606 y.
2408 524 2540 609 γε.

2662 636 2665 771 J

598 733 1078 838 Tempestive
1094 732 1394 811 omnino
1419 730 1499 808 in
1526 728 1729 807 usum
1761 744 2023 806 vocata
2047 726 2205 806 haec
2242 729 2536 809 balnea

427 860 434 867 ’
521 832 545 883 “’
599 858 855 962 quanti
909 858 1045 935 fint
1083 910 1112 947 ,
1216 855 1717 954 compluribus
1771 855 2117 933 docemur
2187 853 2532 935 medicis

607 979 1038 1061 observatis.
1163 980 1288 1060 Sic
1350 1004 1417 1058 s,
1487 999 1936 1058 senui-rz
1993 973 2145 1074 (a)
2222 1032 2286 1065 „
2338 976 2531 1078 qui-

599 1159 658 1198 „
712 1104 870 1205 dam
917 1103 1038 1182 vir
1057 1089 1092 1193 ,’
1164 1096 1516 1204 (inquit)
1568 1124 1795 1180 annos
1861 1123 1960 1195 44
2007 1120 2269 1191 natm,
2324 1125 2526 1193 con·

595 1281 652 1320 ‚‚
708 1226 1110 1309 stitutionis
1187 1226 1387 1343 ficeae
1427 1282 1455 1318 ,
1536 1246 1939 1326 naturaque
2010 1223 2462 1302 cholericus
2486 1281 2513 1314 ,

594 1406 652 1442 „
706 1374 870 1428 cum
905 1348 1011 1429 A.
1047 1348 1243 1447 1665
1303 1346 1547 1429 mense
1599 1347 1962 1453 januario
2011 1372 2146 1450 per
2203 1348 2517 1450 aliquot

593 1531 650 1567 „
701 1472 1130 1578 septimanas
1172 1472 1491 1550 calorem
1529 1497 1602 1574 p.
1633 1495 1707 1549 n.
1746 1466 2212 1573 percepiffet,
2264 1473 2504 1553 anim-

588 1655 646 1692 „
696 1578 1022 1680 advertit
1083 1598 1388 1678 ‘tandem
1452 1593 1687 1697 spatio
1737 1616 2130 1696 paucorum
2196 1594 2493 1677 dierum

596 1778 650 1813 ,‚
704 1721 1330 1827 consumptionem
1385 1717 1768 1798 musculofl
1811 1714 2104 1795 habitus
2151 1713 2283 1796 seu
2348 1743 2488 1801 ma·

592 1898 650 1935 ‚‚
702 1843 1003 1923 rafinum
1055 1846 1292 1925 totius
1344 1840 1735 1945 corporis3
1786 1838 1920 1943 qui
1967 1864 2131 1917 cum
2186 1841 2271 1918 in
2331 1842 2486 1925 dies

591 2020 646 2055 „
697 1965 922 2061 majus
979 1968 1512 2043 incrementum
1564 1963 1881 2040 sumeret
1914 2020 1941 2054 ,
1982 1964 2405 2044 “confilium
2440 1995 2473 2044 a

593 2136 648 2176 „
702 2111 821 2164 me
862 2086 1150 2187 petiit.¹
1267 2088 1434 2187 Ego
1477 2084 1760 2187 pulsum
1810 2084 2031 2190 ipfius
2086 2092 2453 2191 explorans

589 2264 648 2302 „
701 2207 1156 2312 deprehendi
1216 2232 1525 2311 parvum
1580 2210 2046 2289 crebrum-et
2105 2213 2443 2307 celerem

587 2388 643 2425 „
693 2333 907 2418 urina
976 2358 1166 2415 vero
1240 2332 1438 2412 nihil
1518 2360 1559 2411 a
1616 2334 1930 2412 naturali
1998 2354 2275 2414 mutata
2338 2327 2463 2415 effe
2558 2375 2563 2382 ·

515 2482 522 2488 ·
590 2513 647 2550 ‚,
699 2458 1092 2540 videbatur
1141 2515 1164 2541 .
1220 2516 1243 2541 .
1292 2514 1318 2540 .
1373 2457 1595 2535 Calor
1644 2453 1722 2533 in
1779 2458 2155 2561 principio
2218 2460 2313 2538 ad
2383 2486 2471 2542 ta-

589 2638 646 2674 „
697 2579 897 2662 «stum
955 2582 1202 2661 nullus
1262 2577 1428 2660 fere
1498 2578 2247 2681 deprehendebatur3
2357 2586 2476 2670 sed
2660 2555 2663 2752 1

587 2758 642 2793 ,,
695 2702 970 2780 diutius
1011 2711 1243 2783 'manu
1294 2704 1579 2783 admota
1622 2728 1789 2781 acer
1828 2720 1907 2779 et
1967 2706 2267 2784 mordax
2310 2733 2473 2786 eva·

583 2879 640 2915 ‚‚
695 2823 807 2904 fit.
915 2823 1095 2902 Sitis
1121 2841 1363 2902 autem
1399 2828 1601 2903 nulla
1640 2847 1765 2906 aut
1804 2849 2054 2929 pauca.
2156 2829 2468 2909 Pulsatio

581 3003 637 3039 „
691 2948 1123 3028 arteriarum
1198 2946 1395 3026 circa
1474 2957 1807 3049 tem'pora
1834 3006 1861 3039 ,
1941 2973 2100 3051 quae
2161 2952 2465 3054 'coqupsa

580 3123 636 3161 ‚,
691 3090 903 3149 erant
921 3126 948 3160 ,
1004 3057 1412 3149 celerrima.
1517 3071 1878 3150 Ordinavi
1925 3071 2002 3147 ei
2064 3071 2314 3174 itaque
2361 3075 2458 3152 se-

501 3219 504 3222 *
580 3245 637 3283 ,‚
689 3191 1021 3294 quentia·
1068 3193 1588 3274 medicamenta
1670 3194 2048 3286 alterantia
2116 3214 2282 3274 tam
2357 3199 2456 3276 in·
2524 3181 2529 3186 ’

576 3367 634 3405 ,,
657 3332 900 3391 »terna
924 3337 1137 3416 quam
1168 3334 1498 3396 externa.
1603 3317 1849 3395 Primo
1885 3317 2223 3420 quotidie
2257 3344 2453 3399 mane

575 3492 632 3530 „
685 3434 1111 3541 sequentem
1157 3439 1538 3543 potionem
1595 3439 1935 3520 ebibebat
1952 3469 1980 3523 ε

570 3718 2389 3759 Ἣ

658 3901 780 3986 (a)
830 3901 1002 3971 Mise.
1038 3918 1162 3976 nat.
1195 3925 1319 3979 cur.
1354 3906 1479 3975 dec.
1519 3895 1578 3982 i.
1621 3932 1758 3983 ann.
1788 3919 1845 3991 4.
1898 3908 2024 4002 obs:
2047 3919 2110 3981 6.
