2752 4673
326 501 399 586 §g
435 505 545 591 58,
1031 512 1078 575 P
1120 515 1179 578 A
1226 511 1278 573 R
1321 511 1360 576 S
1443 514 1534 580 11.
2087 539 2227 617 323

298 710 709 825 exonessata
744 737 831 795 ac
865 715 1066 795 eluta
1105 775 1134 811 ,
1196 738 1344 798 tum
1370 718 1646 826 ,tepida
1702 748 1903 832 aquae
1960 728 2199 809 dulcis

288 854 470 911 *cum
509 820 830 914 incoffls
871 835 1282 923 furfuribus
1334 865 1414 925 et
1463 850 1709 928 obviis
1767 853 2199 952 quibusdam
2256 918 2261 921 .

296 959 570 1057 plantis
616 961 871 1038 balnea
920 962 1272 1066 imperata
1295 1024 1322 1061 ,
1392 996 1705 1076 quorum
1760 972 1890 1051 usu
1935 977 2197 1056 vetula
2289 1064 2294 1075 ,

170 1074 211 1133 ἶ
293 1103 452 1156 non
488 1122 495 1125 ·
532 1083 765 1162 multo
832 1086 1007 1164 inde
1073 1090 1236 1190 post
1299 1097 1702 1202 convaluit.
1792 1097 2191 1193 Ejusdem

280 1216 592 1305 'quoque
653 1209 997 1290 utilitatis
1058 1212 1387 1295 futurum
1445 1237 1605 1297 erat
1662 1218 2192 1316 ejusdemmodi

288 1321 630 1404 balneum
687 1357 746 1424 J.
810 1361 888 1411 G.
931 1340 1542 1443 VOLKAMERi
1591 1339 1742 1439 (g)
1809 1368 2047 1444 aegm,
2100 1342 2184 1421 ni

280 1466 713 1542 praemature
762 1456 849 1531 ab
904 1457 1108 1536 illius
1163 1458 1297 1537 usu
1366 1460 1768 1571 destitifl'et‚
1891 1466 2191 1568 Nempe

276 1619 339 1656 „
393 1570 516 1648 vir
554 1576 846 1678 quidam
880 1578 1186 1657 illustris
1220 1582 1324 1658 60
1372 1582 1732 1684 ingreffus
1788 1589 2014 1681 aetatis
2056 1614 2178 1666 an-

276 1744 344 1780 „,
391 1714 563 1772 num
601 1700 962 1800 conqueri
1001 1700 1236 1801 coepit
1274 1702 1367 1778 de
1411 1703 1677 1808 infigni
1729 1706 1960 1788 totius
2014 1736 2176 1789 cor-

281 1865 337 1901 „
392 1810 621 1913 poris¹
677 1820 1064 1902 debilitate
1105 1878 1133 1911 ,
1230 1824 1567 1924 appetitu
1624 1833 1922 1930 penitus
2002 1855 2173 1934 pro-

136 1948 154 1966 ·
268 1976 328 2022 ·‚,
381 1920 605 2017 strato
628 1997 656 2031 ,
712 1962 791 2020 et
833 1941 1197 2022 nod'turna
1260 1948 1549 2026 turbata
1620 1954 1901 2053 quiete.
2005 1958 2176 2035 Pul.

263 2072 322 2145 3,
375 2052 493 2133 sus
524 2074 685 2138 erat
719 2064 945 2142 durus
989 2070 1235 2165 celer,
1291 2071 1506 2148 urina
1534 2075 1821 2152 turbida
1840 2134 1865 2167 ,
1921 2079 2170 2171 cruda,

258 2222 315 2271 ·„
368 2204 536 2258 cum
608 2181 859 2289 'sabulo
937 2190 1166 2267 rubro
1238 2249 1261 2272 .
1329 2249 1351 2272 .
1523 2196 1787 2276 Tertia
1854 2225 2166 2313 yocatus

260 2357 315 2393 ,‚
369 2300 763 2404 septimana
812 2365 834 2389 .
887 2368 909 2392 .
963 2366 985 2390 .
1036 2310 1768 2414 hypochondriacum
1817 2380 1838 2400 .
1907 2380 1930 2403 .
2078 2344 2161 2403 et

260 2478 316 2514 „
368 2419 744 2506 heClicum
783 2433 1096 2511 eundem
1145 2426 1540 2521 declaravi.
1665 2445 2028 2524 Consveta
2077 2448 2164 2526 in

259 2597 316 2635 „
369 2570 465 2623 eo
500 2569 720 2649 potus
763 2556 1004 2657 glacie
1036 2555 1465 2662 refrigerati
1523 2568 1716 2654 ratio
1780 2572 2159 2648 ventricu-

259 2720 313 2758 „
369 2668 521 2745 lum
644 2695 795 2752 non
888 2677 1135 2758 saltem
1231 2683 1666 2767 debiliorem
1780 2692 2101 2774 reddidit
2125 2748 2157 2783 ,

254 2823 310 2879 -„
362 2814 799 2898 omnemque
838 2801 1129 2882 abstulit
1179 2812 1586 2909 appetitum
1614 2874 1638 2909 ,
1699 2817 1822 2896 sed
1856 2835 1935 2895 et
1979 2807 2152 2919 pro-

250 2942 305 3002 ·„
357 2911 635 3017 pinque
682 2916 1223 3016 incumbentem
1280 2933 1358 3010 in
1420 2940 1736 3020 veficula
1784 2941 1981 3021 fellis
2037 2942 2150 3020 bi-

246 3089 301 3126 „
355 3037 505 3113 lem
546 3095 572 3130 ,
642 3039 916 3122 lienem
974 3075 1126 3130 non
1186 3061 1450 3155 procul
1512 3062 1821 3145 diffitum
1863 3122 1890 3158 ,
1974 3087 2147 3167 pan·

243 3215 300 3249 „
352 3183 560 3238 creas
587 3218 611 3252 ,
682 3185 1079 3273 ceteraque
1139 3179 1389 3257 vicina
1442 3184 1724 3267 viscera
1789 3191 1975 3266 mire
2041 3193 2146 3293 la·-

132 3347 137 3350 .
251 3333 302 3368 „
354 3278 783 3366 befaPtavit.
886 3290 1085 3370 Hinc
1117 3296 1300 3376 licet
1347 3304 1700 3405 exiguum
1742 3311 1988 3390 saltem
2034 3313 2141 3389 ci-

248 3453 300 3489 „
351 3401 426 3476 bi
464 3399 890 3498 affumeret,
942 3414 1137 3491 circa
1188 3425 1587 3517 praecordia
1652 3437 2140 3534 gravitatem,

250 3573 301 3610 „
352 3523 662 3626 vespere
698 3530 973 3610 virium
1017 3535 1600 3626 imbecillitatem
1623 3596 1651 3642 ,
1706 3574 1789 3631 et*
1813 3557 2138 3634 calorem

322 3871 681 3972 (gJMiscff
724 3906 842 3958 nat.
890 3916 1017 3970 cur.
1056 3900 1185 3975 dec.
1214 3926 1269 3976 ι.
1314 3926 1450 3980 ann.
1485 3908 1548 3977 6.
1586 3912 1715 3980 obs.
1746 3932 1854 4001 713¹

1267 4056 1270 4058 *
1596 4058 1667 4138 X
1729 4086 1780 4139 2
1879 4103 1888 4109 ·
1947 4081 1952 4092 ·
