2752 4673
313 523 374 605 §0
419 538 529 612 55.
1017 526 1353 591 PARS
1439 529 1524 592 Π.
1856 551 1901 571 0
2067 528 2207 616 291

307 785 365 821 ‚,
410 730 566 808 fitis
621 734 981 811 continuo
1039 732 1496 834 parcioribus
1564 732 1870 810 corticis
1907 735 2205 831 ,Perua

309 909 364 944 η
419 854 706 937 dofibus
750 854 1119 945 exhibui,
1199 875 1277 933 et
1325 858 1463 933 hac
1524 854 1877 934 methodo
1942 883 2206 961 aegram

306 1034 361 1069 „
417 979 609 1056 intr-a
675 1003 717 1078 3
781 975 1059 1056 menses
1108 980 1425 1059 restitui.
1582 980 1999 1057 Evacuandi
2052 978 2202 1062 fine

298 1159 360 1195 „
417 1103 611 1181 nihil
656 1103 1047 1192 ordinavi,
1099 1100 1233 1177 nifi
1276 1102 1477 1203 quod
1522 1099 1775 1204 saepius
1803 1158 1828 1192 ,
1879 1105 2199 1206 quand0,

300 1280 361 1319 „
415 1223 944 1303 resolutionem
992 1224 1257 1307 viscidi
1308 1250 1442 1326 per
1495 1226 1922 1328 potentiora
1973 1226 2199 1306 resol-

299 1401 358 1440 „
413 1347 668 1441 ventia
734 1349 1058 1425 remedia
1119 1345 1385 1425 fatilam
1456 1343 1602 1425 efl'e
1677 1348 2141 1428 observarem
2169 1407 2197 1441 ,

288 1504 356 1564 ·‚,
410 1467 689 1559 cortici.
728 1479 775 1563 {v
839 1469 1266 1546 rhabarbari
1319 1469 1757 1567 junxerim:
1857 1458 1998 1576 qua
2048 1498 2199 1553 me-

296 1649 354 1685 „
410 1592 640 1675 thodo
688 1589 998 1668 aliorum
1033 1595 1544 1671 evacuantium
1594 1594 1804 1671 vices
1865 1595 2014 1673 rite
2068 1621 2198 1673 ex-

167 1732 170 1735 ·
285 1766 350 1806 -„
404 1714 638 1815 plevi.
780 1714 1158 1815 Tempore
1225 1716 1735 1809 medicationis
1811 1716 2013 1819 sputa
2076 1744 2199 1796 co-

294 1891 349 1928 „
402 1831 785 1937 piofissima
871 1837 1267 1946 evacuabat
1335 1862 1530 1940 aegra
1574 1897 1600 1932 ,
1705 1836 1826 1917 sed
1908 1838 2195 1944 semper

302 2017 357 2053 ‚,
407 1955 855 2049 craffiffima,
908 1979 988 2038 et
1026 1958 1208 2036 licet
1268 1959 1361 2037 de
1417 1962 1719 2062 putrido
1763 1978 1847 2039 a·c
1897 1960 2194 2040 nauseo-

292 2141 350 2177 „
402 2083 480 2165 so
517 2112 524 2117 “
565 2082 823 2187 sapore
885 2066 1282 2186 aliquoties
1346 2104 1930 2188 conquereretur
1964 2141 1991 2175 ,
2044 2109 2189 2164 nec

282 2260 347 2299 -‚,
402 2207 793 2310 vestigium
842 2229 1083 2285 tamen
1129 2205 1535 2306 purulentae
1560 2207 1857 2301 xindolis
1900 2210 1978 2285 in
2030 2207 2189 2309 spu·
2244 2198 2253 2202 ’

291 2385 349 2425 ,,
402 2330 500 2408 tis
550 2354 862 2433 unquam
932 2332 1289 2431 detegere
1340 2327 1554 2429 potui
1598 2385 1652 2420 „
1676 2359 1727 2408 .’
1805 2332 2193 2433 Duplicem

289 2453 530 2535 adhuc
584 2450 821 2530 febris
885 2447 1195 2528 hecticae
1249 2475 1347 2528 ex
1411 2451 1949 2530 intermittente
2011 2473 2192 2530 ortae

287 2577 374 2653 et'
422 2574 707 2654 cortice
762 2592 1163 2677 percuratae
1208 2571 1443 2653 casum
1494 2574 1687 2650 haud
1712 2558 2208 2675 spernendum*-

289 2720 698 2776 memorare
739 2697 952 2796 juvat
1002 2693 1147 2798 (q)
1175 2723 1224 2777 εγ
1269 2699 1497 2776 homo
1544 2750 1600 2787 ,‚
1638 2715 1742 2773 ex*
1794 2697 2192 2810 autumnali

283 2864 349 2915 2„
403 2823 717 2900 tertiana
773 2822 1173 2927 exquisita,
1246 2820 1646 2923 aliquoties
1695 2816 1852 2916 jam
1899 2821 2188 2898 cortice

285 2989 347 3037 ·„
399 2941 677 3036 coasia,
708 2942 989 3046 semper
1032 2942 1409 3032 recidivus
1446 2941 1732 3020 demum
1779 2943 1856 3019 in
1901 2940 2187 3028 febrem

285 3068 712 3163 „tabidam
754 3067 1246 3146 marasmoden
1285 3067 1676 3145 inciderat.
1782 3060 2189 3141 Confestim

291 3234 349 3285 ·,‚
392 3191 727 3289 judicavi·
789 3189 1021 3293 ipsum
1082 3183 1722 3290 corticem-magis
1786 3180 1932 3263 effe
1985 3185 2190 3263 adhi-

292 3371 347 3408 ‚‚
398 3317 768 3406 bendum5
809 3333 888 3391 et
943 3311 1342 3401 constitui,
1422 3329 1507 3388 ut
1554 3333 1802 3413 parva
1856 3306 2007 3383 dofi
2066 3303 2184 3380 sae-
2312 3390 2318 3394 ,

277 3433 350 3528 “,,
407 3439 572 3539 pius
615 3464 750 3542 per
797 3438 990 3514 diem
1043 3427 1189 3520 δθῑὴ
1243 3431 1525 3511 sumat:
1607 3451 1702 3510 et›
1752 3432 1796 3509 6
1856 3427 2187 3528 septima-

292 3616 350 3654 „
402 3582 648 3641 narum
693 3559 931 3663 spatio
977 3554 1218 3659 sospes
1276 3552 1517 3633 factus
1568 3548 1793 3642 fuit„
1817 3607 1839 3631 .
1947 3549 2185 3638 Simu·-

310 3772 396 3784 ..υ

371 3905 526 4018 ζα)
569 3913 706 3985 Obs.
748 3916 879 3984 elin.
922 3910 1127 3982 nosce.
1174 3909 1424 3982 Vax-sav.
1469 3906 1676 4006 Fascic.
1716 3929 1771 3977 1.
1806 3931 1861 3991 p.
1891 3920 1995 3989 52.

1369 4030 1380 4040 ’
1652 4039 1728 4117 Τ
1793 4062 1840 4116 2
