2752 4673
526 445 687 526 20‘6
897 454 1310 520 msromffi
1357 442 1632 516 rnnms
1675 451 2064 517 nucrrcAE
2233 451 2410 544 §.44

533 717 590 758 ‚,
645 658 987 742 reficiens
1006 715 1033 750 ,
1105 654 1331 736 facies
1408 655 1639 736 livida
1702 656 2042 761 plumbea
2062 712 2089 747 ,
2158 684 2411 742 carnes

484 872 487 877 ,
531 844 590 883 ,‚
640 783 949 864 flaccidae
968 838 994 871 ,
1076 799 1378 867 conatus
1447 779 1538 856 ad
1587 779 2030 861 vomendum
2053 837 2079 872 ,
2105 850 2110 854 .
2132 800 2212 862 et
2263 787 2410 864 col-

537 968 594 1004 „
646 905 1047 1011 liquativus
1092 901 1332 983 sudor.
1439 906 1526 982 In
1569 906 1819 984 nostro
1858 916 2116 983 notatu
2164 907 2244 986 in
2270 911 2411 1011 pri-

534 1089 591 1128 „
640 1031 778 1110 mis
829 1028 1130 1132 dignum
1155 1089 1182 1123 ,
1243 1031 1444 1134 quod
1511 1031 1598 1107 ab
1649 1028 1865 1106 unica
1924 1028 2199 1130 exigua
2248 1055 2409 1131 pur-‚-

533 1214 589 1251 ‚‚
641 1153 880 1257 gantis
930 1150 1079 1231 dofi
1125 1151 1743 1254 incompescibilis
1799 1149 1956 1229 alvi
2006 1150 2244 1229 fluxus
2310 1152 2410 1229 in-

534 1333 591 1372 „
641 1272 974 1373 ducrum
1050 1298 1292 1376 neque
1362 1296 1602 1352 tamen
1693 1268 2008 1350 effeetus
2080 1275 2207 1352 hic
2277 1294 2414 1356 tam

538 1448 594 1495 „
645 1395 1030 1502 purgantis
1079 1397 1348 1476 virtuti
1384 1454 1412 1489 ,
1463 1420 1676 1500 quam
1731 1394 1985 1497 potius
2048 1397 2413 1479 intestino-

412 1607 437 1631 ·
542 1578 599 1616 „
649 1546 812 1601 rum
864 1516 1433 1598 inflammationi
1494 1538 1573 1597 et
1648 1520 2037 1598 humorum
2100 1523 2416 1600 acredini

525 1704 583 1742 „
637 1645 1095 1727 tribuendus·
1166 1644 1443 1720 Caveat
1477 1641 1711 1744 igitur
1751 1642 2075 1722 medicus
2116 1645 2409 1723 circum-
2443 1652 2448 1655 ’

526 1827 583 1865 ,,
638 1764 929 1870 specius
954 1823 982 1858 ,
1060 1789 1156 1843 ne
1221 1765 1354 1841 ubi
1416 1782 1622 1842 motu
1657 1766 2002 1845 intestino
2065 1770 2403 1848 continuo

528 1951 588 1989 ,‚
639 1894 847 1974 vires
901 1884 1337 1988 consumptae
1375 1906 1456 1965 et
1503 1881 1714 1966 maffa
1757 1885 2127 1993 sanguinis
2183 1915 2418 1970 recre-

508 2072 582 2111 .‚,
635 2010 998 2091 mentitiis
1044 2009 1473 2086 humoribus
1526 2014 1816 2112 gravis,
1846 2015 2216 2118 quidpiam
2265 2017 2413 2098 dm-

529 2195 584 2233 „
639 2137 803 2216 stici
857 2134 1268 2237 purgantis
1304 2133 1621 2234 praebeat
1654 2190 1681 2226 ‚
1756 2153 1835 2214 et
1901 2137 2244 2239 perversa
2310 2140 2418 2217 in-

527 2320 592 2358 „
648 2275 895 2340 currat
938 2257 1314 2355 judiciam
1431 2260 1768 2339 Similem
1839 2284 2135 2363 quoque
2191 2260 2423 2341 casum

527 2387 793 2466 videre
864 2383 1185 2486 contigit
1245 2376 1305 2478 j.
1363 2412 1430 2465 P.
1504 2407 1998 2464 roi-remo
2054 2380 2195 2490 (r)
2249 2410 2421 2463 con,

428 2591 432 2600 ,
522 2509 713 2590 fulto
761 2536 805 2587 a
869 2507 1095 2609 Belga
1154 2532 1252 2603 40
1319 2527 1673 2589 annorum
1713 2565 1741 2600 ,
1856 2505 2094 2586 febre-
2127 2506 2422 2589 hefflca

522 2659 688 2713 cum
787 2631 1001 2708 urina
1093 2627 1280 2710 sanis
1372 2626 1587 2709 fimili
1621 2689 1649 2723 ,
1710 2632 1983 2711 rubore
2042 2658 2421 2738 genarum,

523 2757 819 2834 interno
946 2751 1115 2828 testu
1169 2809 1198 2845 ,
1294 2752 1643 2830 anorexia
1690 2810 1718 2845 ‚
1787 2756 1997 2858 pulsu
2063 2754 2419 2849 heffico,

523 2873 691 2955 tuffi
728 2929 753 2963 ,
839 2872 1258 2975 ’totiusque
1387 2877 1730 2974 corporis
1809 2878 2188 2957 debilitate
2223 2934 2249 2969 ,
2317 2880 2421 2956 la-

492 2982 836 3075 borante
876 3026 900 3093 3
1003 2994 1133 3097 qui
1186 2993 1348 3097 post
1414 2998 1681 3077 idonea
1729 2997 2049 3080 remedia
2089 3003 2245 3081 dies
2287 3000 2420 3079 ali-

486 3127 505 3162 *
523 3135 710 3222 quot
815 3114 1152 3220 usurpata
1265 3121 1742 3200 catharticum
1858 3147 1942 3202 ac
2020 3124 2418 3225 phleboto-

517 3237 732 3320 miam
776 3242 900 3318 -ab
955 3238 1217 3345 eodem
1295 3239 1703 3347 efflagitans
1781 3259 1944 3324 cum
2018 3244 2417 3348 impetrare

519 3375 672 3443 non
739 3355 1014 3468 pofl'et,
1081 3365 1264 3443 clam
1342 3368 1564 3445 alium
1639 3361 2004 3446 consuluit
2036 3423 2064 3459 ,
2143 3395 2185 3446 a
2223 3377 2414 3473 *quo

480 3486 844 3568 ‘haustum
919 3490 1394 3570 catharticum
1455 3490 1969 3573 valentiorem.
2013 3487 2269 3571 mustus
2321 3490 2414 3570 ad
2487 3545 2494 3546 f

561 3855 726 3940 (ν)
756 3861 909 3932 Oba
953 3865 1111 3960 med.
1154 3865 1230 3931 L.
1279 3877 1340 3927 Ι.
1383 3860 1461 3948 Cf.
1502 3863 1569 3966 ²3
1615 3861 1744 3931 obs.
1792 3889 1849 3948 5.
