2752 4673
553 599 691 679 332
851 580 1300 649 HISTORIAE
1344 573 1616 647 FEBRIS
1670 579 1900 646 HECT
1901 576 2068 644 1CAE
2263 574 2340 658 ξ.
2379 572 2499 646 61.

553 852 608 888 „
661 819 716 871 v
738 818 781 871 ε
801 817 848 870 R
873 816 902 869 1
933 817 980 869 u
1004 811 1039 865 s
1101 783 1287 884 (t),
1340 788 1866 866 extenuatione
1911 782 2297 885 clysteres
2361 807 2493 862 nu-

554 974 612 1009 „
666 920 978 994 trientes
1034 907 1465 1012 frequenter
1530 908 1913 1006 injiciendi
1959 904 2128 987 sunt
2199 931 2318 985 ex
2383 908 2508 1004 ju-·

553 1093 610 1129 ,‚
660 1035 860 1115 sculo
885 1034 1073 1135 pulli
1097 1037 1223 1139 vel
1243 1021 1505 1136 capi‘tis
1545 1032 1892 1115 vervecis
1911 1055 2077 1108 cum
2110 1027 2484 1109 saccharo

550 1216 613 1253 „
665 1178 747 1238 et
775 1155 1096 1237 ·vitellis
1153 1166 1510 1256 ovorum3
1555 1180 1812 1235 eorum
1860 1171 2104 1230 autem
2180 1152 2484 1254 quanti-

553 1335 610 1372 „
664 1297 770 1357 tas
827 1277 1100 1375 exigua
1185 1271 1331 1355 effe
1401 1281 1665 1370 debet,
1740 1275 2021 1378 alioqui
2097 1274 2484 1380 compres-

552 1459 609 1498 ,‚
661 1402 750 1480 fis
788 1399 1166 1478 intestinis
1211 1398 1365 1479 vim
1426 1399 1920 1502 expultricem
1979 1397 2386 1482 irritarent
2400 1456 2475 1492 ‚,.

1393 1605 1439 1701 §
1496 1602 1622 1727 ὅς.

759 1835 1052 1891 urus
1090 1868 1116 1903 ,
1187 1810 1441 1911 sotus,
1533 1824 1816 1898 cerata,
1898 1807 2146 1887 aliave
2207 1806 2292 1886 id
2337 1832 2445 1911 ge-

556 1955 692 2008 nus
726 1958 769 2007 a
797 1934 1204 2011 Veteribus
1249 1932 1584 2035 usurpata
1623 1931 1838 2033 :egris
1887 1932 2052 2033 plus
2113 1930 2440 2008 molestiae

430 2071 435 2078 ’
511 2079 640 2137 -.ac
690 2051 1097 2153 sumptuum
1137 2077 1349 2154 quam
1382 2053 1860 2130 emolumenti
1887 2049 2276 2130 afferentia
2309 2051 2403 2126 110-

552 2174 680 2253 die
721 2173 1014 2277 prorsus
1085 2178 1641 2274 exoleverunt3
1713 2177 1795 2255 in
1838 2174 2224 2257 annuo
2262 2164 2385 2271 (a)

553 2296 861 2403 ejusque
894 2295 1318 2401 sequacibus
1361 2323 1620 2378 eorum
1644 2295 1936 2404 farrago
1988 2298 2238 2380 videri
2267 2310 2401 2399 pot-

555 2419 687 2502 est.
775 2521 781 2528 .
824 2421 996 2499 Sola
1060 2418 1358 2500 forsitan
1411 2420 1736 2502 fomenta
1788 2437 1884 2502 ex
1945 2446 2129 2527 aqua
2190 2417 2427 2523 simpli·

552 2545 627 2623 ci
687 2542 937 2646 tepida
984 2543 1114 2622 vel
1173 2543 1504 2626 deeoffls
1575 2529 2128 2637 emollientibus
2176 2565 2438 2649 parata,
2573 2595 2578 2603 ·

548 2668 824 2746 aridam
869 2666 1262 2768 duramque
1300 2670 1711 2750 mollientia
1755 2690 1995 2749 cutem
2052 2689 2134 2749 et
2193 2671 2442 2748 hume-

553 2784 868 2877 c'lantia,
931 2787 1512 2892 humoribusque
1572 2813 1864 2874 tenuem
1899 2795 2228 2872 laticem
2296 2793 2444 2896 sup-

549 2908 957 3013 peditantia
985 2962 1011 2997 ,
1081 2909 1220 2986 &a
1285 2914 1416 2989 vel
1470 2916 1616 2992 toti
1693 2917 1994 3018 corpori
2058 2918 2189 2995 vel
2260 2919 2448 2996 locis

550 3032 804 3109 saltem
879 3028 1190 3106 maxime
1279 3033 1554 3120 bibulis
1623 3040 1993 3143 aridisque
2082 3040 2451 3142 applicata

458 3168 461 3173 ·
554 3152 1023 3240 balneorum,
1077 3151 1132 3229 fi
1189 3158 1478 3254 quando
1525 3160 1615 3237 ad
1656 3163 1809 3240 haec
1858 3160 2261 3264 usurpanda
2324 3163 2447 3243 vel

548 3272 868 3375 sumptus
913 3276 1043 3353 vel
1096 3280 1610 3379 opportunitas
1656 3305 1886 3387 aegros
1927 3285 2445 3382 destituerent,

544 3397 759 3488 „vices
821 3396 1160 3506 supplere
1206 3397 1514 3514 poffent.

554 3781 2419 3821 ..Μ

631 3918 751 4000 (t)
799 3924 843 3986 12
896 3947 953 3989 e.
993 3941 1055 4000 p·
1103 3943 1186 3988 m.
1238 3921 1382 4003 506.

629 4020 750 4106 (u)
799 4023 993 4092 Meth.
1023 4026 1175 4093 med.
1197 4031 1269 4097 L..
1296 4046 1394 4098 ια,
1440 4033 1511 4103 C·
1547 4053 1614 4108 90
