2752 4673
338 556 400 636 §0
449 565 565 642 71.
1036 552 1363 616 PARS
1442 549 1532 618 R.
1671 624 1672 635 χ
2091 567 2224 646 375

300 761 621 851 (fiderit,
676 761 827 836 imo
891 782 1058 839 cum
1125 738 1510 869 euphoria,
1544 757 1879 856 bibatur,
1924 759 2094 859 ·ejus
2138 761 2219 839 in

304 881 446 962 usu
503 879 958 985 pergendum
982 913 1018 980 ,ς
1072 883 1178 960 fin
1216 904 1496 961 ·contra
1549 882 1731 985 quid
1816 886 2119 964 eveniat
2173 940 2204 978 ,

149 1031 175 1043 ‘
304 1006 428 1082 lac
488 1027 639 1085 non
689 1004 880 1083 bene
940 1000 1127 1083 ferri
1172 1003 1722 1088 existimandum
1771 1008 1902 1087 est.
2009 1009 2216 1113 Ejus-

314 1127 522 1207 modi
567 1149 756 1205 vero
808 1127 887 1206 in
947 1126 1112 1215 casu
1149 1125 1327 1209 laeti
1386 1152 1809 1235 opportune
1858 1126 2215 1217 sufficitur

1103 1333 1178 1429 §-
1230 1353 1357 1439 71.

401 1535 533 1612 III.
589 1532 832 1612 Serum
885 1535 1117 1626 lastis,
1187 1563 1338 1642 quo
1404 1540 1718 1642 perinde
1779 1523 2203 1642 complures

292 1653 638 1735 hefficos
702 1658 984 1736 constat
1073 1657 1286 1740 fuifl'e
1366 1682 1820 1765 percurato&
2001 1664 2208 1739 Duos

270 1774 647 1858 'memorat
725 1809 794 1862 ιτ.
868 1808 1550 1890 nori-*MANNus
1643 1780 1844 1886 (u),
1935 1807 2207 1886 nempe

292 1954 349 1993 ‚,
400 1923 788 2005 acceperat
840 1905 963 1983 vir
1017 1907 1305 2010 quidam
1385 1933 1481 2008 30
1561 1931 1912 2007 annorum
1952 1963 1978 1998 ,
2050 1928 2203 1983 non

290 2081 346 2115 ,.
403 2026 585 2107 adeo
633 2028 973 2107 robustus
997 2087 1024 2121 ,
1103 2056 1145 2107 a
1199 2028 1515 2109 studioso
1579 2030 1955 2112 medicinae
2011 2030 2203 2132 pilu-

284 2204 343 2241 „
393 2150 502 2227 las
556 2206 579 2228 .
632 2207 655 2229 .
709 2205 731 2229 .
786 2158 1183 2253 purgantes
1219 2208 1244 2242 ‚
1324 2179 1484 2255 quae
1542 2172 1688 2232 tam
1754 2150 2060 2231 fortiter
2114 2170 2198 2231 et

283 2327 342 2363 ‚,
396 2272 645 2351 valide
723 2278 1231 2378 operationem
1293 2273 1484 2352 suam
1552 2272 1909 2355 exsecntae
1985 2273 2195 2366 sunt,

287 2450 342 2484 ‚,
395 2416 478 2474 ut
526 2397 708 2477 licet
769 2398 1138 2476 dimidiam
1201 2422 1450 2476 earum
1497 2415 1788 2501 ‹partem
1856 2391 2008 2498 ipsa
2067 2397 2194 2475 sub

287 2570 343 2608 ‚‚
392 2513 868 2623 affumptione
929 2518 1219 2600 vomitu
1286 2519 1638 2615 rejiceret
1664 2576 1691 2609 ,
1744 2543 1882 2620 per
1935 2521 2191 2622 plures
2317 2549 2318 2552 ¹

288 2693 344 2728 ‚‚
398 2659 636 2721 tamen
684 2644 934 2746 postea
1001 2642 1160 2720 dies
1233 2642 1443 2720 alvus
1497 2639 1782 2742 jugiter
1869 2637 2135 2719 flueret
2175 2700 2203 2733 ‚

297 2816 351 2852 „
404 2782 481 2840 et
515 2766 643 2842 vel
689 2768 977 2845 centies
1019 2764 1542 2865 deponeretur.
1673 2760 1858 2845 Quo
1923 2759 2216 2841 faftum'

289 2939 343 2975 „
392 2885 499 2981 est
535 2944 560 2979 ,
632 2905 718 2966 ut
767 2887 972 2965 vires
1028 2887 1324 2988 penitus
1384 2883 1998 2988 collabascerent,
2069 2914 2190 2990 ap·-

291 3063 346 3099 ‚‚
396 3012 728 3113 petentia
782 3011 1112 3088 ciborum
1161 3010 1689 3101 intercideret,
1756 3008 2194 3113 somnusque

295 3117 1084 3236 „inquietusaccisus
1134 3153 1214 3211 et
1248 3129 1414 3209 fere
1452 3131 1698 3208 nullus
1723 3126 1927 3211 effet.
2032 3133 2187 3211 Ac·
2239 3169 2242 3172 ·

282 3310 338 3346 ,‚
386 3253 593 3336 ceffit
640 3254 871 3334 febris
926 3255 1236 3334 erratica
1292 3252 1835 3345 intermittenS,
1891 3255 2186 3333 tandem

286 3430 340 3467 „
394 3377 472 3454 in
525 3379 794 3456 lentam
860 3377 1067 3455 vires
1126 3395 1205 3456 et
1259 3400 1527 3504 corpus
1583 3375 1881 3476 penitus
1935 3374 2188 3452 consu

291 3531 343 3591 ·,‚
394 3519 713 3578 mentem
753 3501 1231 3603 degenerans,
1310 3475 1830 3580 conclamatis
1870 3497 1967 3572 fic
2016 3521 2188 3596 pro

288 3680 340 3715 ‚,
390 3625 782 3726 pemodum
847 3625 1070 3701 rebus
1135 3617 1658 3701 ardentissimis·
1724 3618 2068 3734 precibus
2141 3647 2190 3702 a

372 3907 510 3992 (u)
554 3913 703 3979 Diff.
737 3914 813 3979 de
846 3912 1211 3979 ssluberrima
1256 3914 1366 3981 seri
1398 3917 1559 3988 laffis
1597 3918 1815 3979 virtute
1851 3909 1912 3995 §
1950 3936 2057 3994 40,
2080 3930 2202 3993 42

546 4001 705 4101 OPE-
739 4014 817 4082 T
861 4009 924 4079 6
956 4034 1018 4097 p
1052 4034 1132 4083 m
1186 4009 1287 4086 16
1413 4096 1416 4099 ,

1350 4121 1357 4130 ’
1545 4096 1662 4183 A
1655 4126 1696 4177 a
1746 4123 1793 4196 4
