2752 4673
297 424 487 504 δάε.
947 424 1282 491 PA'RS
1382 430 1463 491 1.⁴
2060 440 2158 518 47

290 687 337 721 ‚‚
385 652 646 728 erant,
698 633 820 708 in
839 632 1252 749 anteriore
1273 634 1591 711 ssei-num
1652 630 1907 711 versus
1966 657 2168 735 parte

315 760 794 847 ‚albicantes
811 811 874 846 ,
906 756 1225 835 laxiores
1245 815 1269 849 ‚
1344 778 1424 837 et
1485 777 1698 837 muco
1755 756 2171 860 pituitaque

283 934 335 971 ,,
379 878 709 969 referti,
761 881 840 957 in
892 879 1305 981 posteriore
1362 898 1602 957 autem
1628 878 1915 960 dorliun
1956 880 2170 957 attin-

282 1060 330 1095 „
379 1016 616 1106 gente
654 1026 864 1107 parte
904 1001 1227 1081 indurati
1265 1001 1482 1077 instar
1516 1002 1804 1104 hepatis
1844 1025 1937 1081 ex
1970 1000 2176 1082 fusco

280 1180 330 1216 „
376 1127 829 1228 nigricantis
867 1111 1328 1230 apparebant.
1440 1124 1542 1225 3‘)
1588 1125 1995 1203 Abdomen'
2031 1149 2174 1203 una

282 1306 329 1339 „
379 1274 560 1326 cum
599 1251 1128 1356 ‘integumentis
1178 1240 1675 1326 communibus
1719 1267 1798 1327 et
1838 1248 2169 1351 partibus

278 1427 323 1462 ‚,
375 1397 555 1449 cum
624 1375 1166 1452 continentibus
1215 1392 1371 1450 tum
1419 1371 1793 1449 contentis
1843 1395 1996 1450 non
2038 1371 2173 1449 nifi

279 1548 324 1583 ‚,
378 1515 598 1573 nmnu
636 1493 827 1575 facia
860 1493 1251 1574 artificiosa
1286 1492 1746 1595 separatione
1768 1517 1820 1569 -a
1862 1490 1937 1572 se
1982 1494 2173 1572 invi-

279 1662 331 1707 „
384 1642 545 1695 cem
569 1618 1126 1721 -di'stin‘gvendis
1153 1674 1181 1709 ,
1272 1626 1487 1692 unam
1545 1615 1741 1715 quafi
1785 1615 2177 1694 constitue-

257 1790 338 1833 -„
394 1744 518 1819 bat
584 1735 863 1820 maffam
883 1799 910 1833 ,
957 1740 1276 1831 nullibi,
1344 1753 1664 1838 excepto
1709 1736 2132 1819 ventriculo
2149 1793 2176 1829 ‚

284 1916 337 1957 ,‚
386 1862 791 1957 intestinis,
844 1861 1186 1943 folliculo
1229 1857 1434 1938 fellis
1451 1917 1477 1950 ,
1530 1876 1631 1936 et³
1667 1859 1851 1939 vafis
1899 1856 2177 1962 sangui·

291 2030 344 2077 ,2,
388 2011 552 2064 nem
600 1986 1047 2065 vehentibus
1069 2043 1097 2076 ,
1167 1982 1558 2063 cavitatem
1624 1982 2125 2061 admittentem
2147 2040 2177 2075 ,

295 2166 340 2201 ‚,
396 2128 608 2212 parte
642 2108 835 2212 parti
886 2110 1178 2187 circum
1212 2108 1411 2186 citca
1450 2104 1765 2186 firmiter
1814 2096 2177 2187 mediante

298 2290 342 2323 ,‚
386 2256 456 2336 p.
508 2260 587 2312 n.
652 2214 1049 2311 coalitione
1100 2255 1382 2309 annexa
1431 2231 1613 2309 adeo
1632 2285 1659 2321 ,
1725 2248 1814 2307 ut
1878 2230 2012 2307 nifi
2069 2229 2176 2306 in-

314 2409 350 2443 „
388 2355 654 2434 testina
698 2354 1090 2433 cavitatem
1126 2352 1317 2450 suam
1335 2407 1362 2444 ,
1416 2353 1597 2434 licet
1650 2354 1786 2432 vix
1823 2354 1913 2429 ad
1954 2350 2180 2450 digiti

326 2531 364 2564 ‚,
393 2477 671 2555 minimi
733 2472 1220 2555 admistionem
1249 2476 1564 2572 'amplam
1606 2530 1630 2564 ‚
1687 2472 1949 2555 ,adhuc
2006 2469 2180 2545 reti-

323 2651 366 2688 „
397 2594 739 2690 nuiffent,
791 2616 995 2675 totus
1031 2613 1320 2680 *venter
1373 2594 1691 2674 inferior
1762 2593 1843 2670 in
1894 2591 2184 2692 integra

310 2768 351 2812 ,‚
389 2720 815 2825 peripheria
869 2720 1156 2797 unicam
1211 2712 1579 2798 formafl'et
1624 2719 1925 2830 molem>
1961 2715 2179 2796 nulli-

298 2899 341 2933 „
384 2845 460 2922 bi
493 2845 827 2928 liberam.
974 2844 1148 2922 Sola
1184 2843 1429 2919 vefica
1476 2842 1799 2920 urinaria
1844 2861 1923 2921 et
1999 2865 2177 2922 ven-

177 3033 180 3038 .
295 3015 338 3057 ‚‚
386 2966 645 3046 triculi
690 2990 855 3067 pars
908 2966 1235 3043 anterior
1271 2964 1423 3041 fine
1474 2988 1695 3043 nexu
1736 2988 1810 3068 p.
1873 2989 1949 3043 n.
2008 2989 2181 3044 con

294 3144 338 3178 ‚,
384 3087 948 3189 spiciebantur·
927 3146 952 3187 ‚
1066 3087 1194 3166 hic
1268 3101 1530 3167 autem
1584 3086 1883 3166 flatibus
1954 3089 2174 3168 valde

297 3208 745 3313 „expansus
802 3225 960 3290 erat
992 3262 1019 3300 ,
1091 3229 1172 3287 et
1226 3213 1320 3288 ob
1369 3201 1751 3312 glandulas
1809 3212 2178 3289 induratas

300 3388 346 3423 ‚‚
398 3328 630 3409 taciui
668 3328 744 3409 se
794 3326 1155 3409 offerebat
1201 3332 1423 3410 instar
1471 3325 1734 3411 tunieae
1779 3334 1971 3411 milii
2020 3359 2178 3434 gra-

296 3507 346 3544 „
399 3454 514 3529 nis
534 3451 950 3555 perspersae.
1056 3453 1585 3536 Mesenterium
1626 3482 1669 3530 a
1703 3455 1975 3531 ceteris
2024 3475 2180 3553 par·-

298 3630 349 3664 ,‚
398 3575 595 3652 tibus
638 3594 793 3653 arte
831 3577 1220 3654 liberatum
1271 3574 1576 3654 maxima
1623 3597 1716 3649 ex
1760 3592 1969 3677 parte
2022 3595 2196 3684 cor--

302 3751 351 3788 ‚,
402 3693 765 3797 ruptionis
850 3697 1331 3800 putredinosae
1398 3699 1561 3776 labe
1632 3696 2194 3802 conspurcatum

303 3870 352 3909 ‚‚
396 3819 561 3907 vidi
612 3844 753 3904 una
796 3845 958 3916 cum
1002 3820 1363 3922 glandulis
1408 3822 1729 3926 undique
1776 3819 2181 3918 scirrhofis2

1207 4117 1264 4128 ³⁴⁴-
