2752 4673
120 2758 299 2816 &J

380 504 587 589 §029-
754 534 759 541 ι
1105 498 1426 567 PARS
1507 502 1561 566 1.
2124 508 2252 567 121

379 707 642 786 meniis
690 689 1114 785 POTERII
1165 702 1197 802 (
1214 702 1287 804 i)
1341 702 1749 795 monacha,
1819 719 1898 782 et
1963 728 2007 779 a
2047 696 2257 776 subfi-

378 830 613 917 stente
685 828 1303 937 haemorrhoidum
1376 826 1580 903 fluxu
1642 828 1873 904 homo
1941 847 2069 903 KA
2096 849 2137 900 r„
2158 848 2207 900 T
2231 871 2258 893 ,-

379 975 956 1043 scquEnn
1015 946 1154 1047 (k)
1192 1005 1223 1040 ,
1316 945 1587 1026 febrim
1634 944 2000 1025 hefflcam
2063 942 2284 1055 [usti-1

378 1096 643 1156 nuere.
740 1074 851 1151 Ita
893 1090 972 1159 et
1007 1097 1076 1151 F.
1118 1091 1799 1159 HorrMANNus
1860 1065 1983 1159 (l)
2035 1125 2089 1160 ‚‚
2132 1094 2259 1147 no-

383 1248 440 1287 „
490 1194 610 1274 vit
641 1193 881 1275 senem
937 1178 1537 1295 oestuagenariuin
1593 1191 1900 1271 robustae
1948 1212 2258 1285 naturae,
2349 1180 2354 1183 ⁸

387 1368 443 1411 ‚‚
495 1336 576 1397 et
617 1320 714 1399 ob
780 1316 1065 1397 nimiam
1112 1313 1483 1417 sangvinis
1529 1314 2081 1395 redundantiam
2131 1318 2262 1396 fin-

366 1436 437 1531 ,,’,
486 1440 680 1540 gulis
730 1439 1082 1519 menfibus
1145 1435 1769 1516 haemorrhoidum
1852 1438 2084 1517 fluxui
2132 1442 2262 1518 ob-

367 1612 428 1648 „
480 1560 776 1640 noxium
800 1617 827 1651 ,
879 1579 1220 1640 ceterum
1271 1560 1468 1635 bene
1517 1561 1890 1639 valentem
1940 1578 2020 1638 et
2072 1561 2267 1639 bene

365 1733 423 1768 „
472 1698 946 1781 appetentem
976 1737 1002 1772 ,
1058 1681 1143 1757 in
1168 1678 1451 1779 ‘primis
1487 1681 2035 1787 eum‘quotidie
2100 1682 2271 1761 vini

367 1854 423 1891 ,‚
471 1802 864 1888 liberalem
924 1788 1266 1888 haustum
1336 1801 1630 1882 biberet
1702 1827 1868 1881 cum
1945 1800 2268 1883 obleeta-

365 1976 424 2015 „
476 1940 758 2007 mento.
863 1923 1013 2004 Hic
1082 1924 1367 2002 tandem
1454 1944 1841 2015 autumno,
1918 1922 2268 2006 ‘confetsto

363 2100 422 2141 ‚,
476 2046 759 2141 itinere
820 2065 902 2149 et
958 2065 1140 2151 pota
1189 2046 1545 2127 cerevifia
1596 2048 1836 2124 minus
1891 2044 2268 2139 defecata,

363 2220 421 2260 ,‚
470 2166 778 2272 ingestis
856 2192 1161 2274 quoque
1237 2170 1406 2249 aliis
1489 2165 2219 2249 fermentescentibus
2240 2226 2267 2260 ‚

372 2340 426 2378 ‚2
476 2289 915 2393 digestionis
976 2293 1227 2374 turbas
1272 2311 1351 2373 et
1407 2290 1848 2375 flatulentias
1914 2312 2268 2393 expertus

380 2460 438 2502 s,
490 2408 622 2490 est.
776 2412 1102 2507 Substitit
1151 2417 1378 2516 paulo
1435 2418 1598 2519 post
1654 2407 2271 2494 haemorrhoidum

383 2582 439 2621 υ
491 2529 941 2611 stillicidium
971 2591 1000 2626 ,
1046 2538 1435 2640 appetitus
1499 2537 1729 2641 periit
1757 2593 1784 2627 ‚
1861 2521 2069 2614 Vires
2120 2530 2269 2610 suc-

383 2703 440 2739 „
493 2647 759 2731 ceffive
819 2659 1294 2743 conciderunt
1340 2719 1367 2753 ‚
1457 2659 1714 2742 ruerus
1775 2652 1959 2738 facti
2037 2651 2269 2732 conti-

379 2827 437 2864 „
492 2775 621 2852 nui
667 2802 829 2857 cum
872 2805 1140 2862 conatu
1196 2784 1286 2862 ad
1344 2783 1787 2863 vomendum
1819 2836 1846 2873 ,
1920 2805 2005 2860 os
2063 2778 2270 2857 fleca-

376 2948 430 2990 „
483 2911 631 2972 tum
648 2955 674 2989 ,
726 2902 937 2982 alvus
977 2905 1306 2996 obserata
1324 2964 1346 2997 ‚
1398 2904 1648 3009 pulsus
1692 2906 1894 2984 celer
1937 2903 2268 2982 redditus

373 3073 430 3114 ‚2
482 3044 566 3103 ac
614 3009 903 3106 debffis.
1009 3025 1185 3108 Haec
1246 3030 1600 3106 durarunt
1667 3051 1802 3132 per
1859 3051 1906 3103 2
1943 3024 2264 3115 menseS‚

371 3194 428 3234 „
485 3161 562 3221 et
603 3149 949 3248 graviora
995 3148 1077 3225 in
1118 3141 1275 3230 dies
1333 3144 1529 3230 faeta
1577 3177 1601 3245 ς
1679 3149 1966 3227 tandem
2009 3145 2275 3226 frustra

374 3321 433 3360 ‚‚
488 3266 836 3353 adhibitis
879 3272 1217 3353 omnibus
1268 3273 1442 3352 vitae
1500 3273 1901 3351 attulerunt
1955 3267 2171 3349 finem
2189 3324 2272 3361 „.

472 3623 593 3712 (ἰ)
637 3625 796 3693 Vide
838 3627 902 3713 §0
926 3647 1056 3711 ,49-

320 3770 343 3778 -
474 3725 592 3805 (k)
641 3729 794 3792 Vide
830 3728 1036 3796 histor.
1085 3725 1153 3797 6.

483 3821 599 3904 (l)
643 3827 813 3892 Med.
846 3841 958 3891 rat.
990 3826 1128 3909 syst.
1163 3828 1209 3892 l.
1241 3848 1297 3896 e,
1335 3825 1474 3894 ΟΜΖ
1510 3839 1573 3910 7.

1652 4095 1672 4128 2
1763 4021 1837 4103 H
1886 4049 1933 4125 5
