2752 4673
500 502 648 562 220
804 445 1251 552 memmae
1295 469 1567 541 manrs
1609 472 1996 580 ammom
2172 465 2235 551 ς.
2263 480 2392 556 47.

481 751 537 790 ,,
591 687 771 772 niffe
812 691 1201 769 anchoram
1253 680 1441 761 mihi
1503 677 1807 766 retulit,
1869 675 2097 774 jubeo
2167 677 2449 774 expe-¹

486 875 540 910 ,,
590 816 730 895 riri
784 836 1003 917 parca
1043 808 1196 886 dofi
1216 864 1244 898 ,
1299 806 1468 906 plus
1518 792 1983 880 conceffurus
1999 850 2031 886 ,
2075 796 2132 874 fi
2183 796 2399 877 vide-

467 991 530 1033 „
586 964 676 1018 ro
721 960 872 1015 non
930 934 1403 1013 nocituram..
1492 927 1753 1014 Paret,
1806 925 2000 1000 bene
2068 920 2342 999 dormit
2366 977 2399 1020 ,

477 1120 537 1157 ‚,
588 1064 791 1140 aestus
857 1054 1350 1159 instingitur,
1405 1048 1633 1148 urinae
1703 1047 2070 1123 mutantur
2146 1047 2396 1148 quoti-

476 1240 532 1277 ,‚
585 1185 709 1263 die
758 1184 841 1260 in
889 1178 1154 1258 melius
1172 1232 1201 1268 ,
1252 1195 1331 1254 et
1412 1143 1860 1250 clarescunt.
1912 1167 2098 1247 addo
2150 1171 2405 1272 postea

457 1351 545 1397 ,”
598 1302 958 1407 gelatinas
1039 1320 1596 1383 zwssrrmu,
1641 1291 1806 1372 &c.
1911 1289 2156 1394 AEger
2228 1318 2406 1380 con-

490 1486 552 1523 „
602 1422 915 1508 valescit
945 1423 1141 1502 intra
1188 1439 1264 1525 7.
1308 1432 1382 1509 8.
1424 1417 1883 1520 septimanas·
1979 1421 2161 1494 Cum
2207 1441 2401 1500 vero

486 1611 542 1648 „
595 1550 820 1654 paulo
880 1547 1043 1649 post
1105 1541 1304 1622 curis
1348 1537 1768 1621 domesticis
1808 1539 2150 1618 intentus
2207 1537 2403 1618 fasti.

483 1657 540 1771 3,
590 1677 792 1754 dium
849 1672 1179 1770 iramque
1252 1689 1352 1744 ex
1423 1688 1513 1742 re
1546 1661 1766 1742 ‘male
1840 1679 2090 1740 curata
2154 1663 2406 1744 conci-

455 1856 536 1891 ,,,
589 1817 851 1901 petet,
929 1794 1008 1869 in
1061 1783 1604 1890 profufiflimam
1672 1784 2150 1887 haemoptyfin
2220 1783 2398 1876 inci,

480 1977 533 2014 ,‚
587 1921 696 1996 dit
727 1973 753 2007 ,
823 1941 869 1990 a
927 1936 1071 2014 qua
1147 1934 1308 2011 per,
1348 1909 1637 2011 aliquot
1695 1908 1856 1986 dies
1919 1907 2399 1986 continuante
2485 1924 2493 1932 ·

487 2097 557 2133 ,,,
595 2066 641 2118 e
693 2032 899 2121 vivis
948 2030 1239 2109 tandem
1310 2031 1417 2107 est
1489 2027 1921 2120 sublatus„
2017 2029 2411 2116 Secundus

479 2164 608 2245 hic
658 2162 803 2260 jam
876 2151 1219 2236 hefflicus
1299 2154 1407 2233 est
1449 2210 1502 2245 ,.
1594 2149 1726 2254 qui
1826 2168 2076 2232 curata
2140 2148 2398 2244 febre,

481 2287 696 2369 velut
757 2281 889 2362 ille
935 2299 1543 2391 nort-Mamm
1624 2268 1819 2377 (b),
1892 2268 2401 2378 (forte‘quod

480 2410 690 2493 ambo
750 2406 840 2486 ad
919 2400 1510 2507 compotationes
1587 2397 1953 2479 redierint
1996 2397 2028 2489 )
2078 2399 2398 2503 ‘tandem

481 2556 576 2612 ex
640 2532 873 2610 haeo
876 2545 1055 2630 ptoe
1130 2515 1544 2629 supremum
1614 2521 1810 2602 diem
1877 2519 2094 2601 obiit.

754 2553 903 2746 ηζζ)
956 2650 1176 2748 Aquae
1231 2647 1507 2744 soterice
1529 2701 1555 2736 ,
1624 2669 1810 2749 aqua
1865 2642 2174 2743 fimplici
2225 2644 2404 2721 mul-

493 2794 578 2853 to
591 2768 1084 2849 efficaciores
1133 2824 1164 2868 ,
1242 2768 1413 2849 dum
1497 2738 1707 2847 su'uul
1774 2765 2050 2845 salibus
2135 2763 2401 2843 aliisve

488 2886 1019 2997 aperientibus,
1047 2892 1538 2992 ›impraegnatae
1588 2893 1978 2995 humorum
2030 2888 2399 2966 lentorem

486 3030 914 3111 attenuant,
984 3013 1229 3114 ficque
1299 3011 1656 3093 infarCtus
1725 3012 2046 3102 tollunt„
2131 3030 2212 3092 et
2277 3038 2419 3094 va-.

478 3140 855 3223 ouationes
920 3133 1257 3214 solennes
1311 3130 1710 3238 supprefl'as
1759 3133 2157 3212 restituunt
2188 3176 2253 3224 ·‚.
2300 3122 2405 3211 ¹et

479 3288 637 3366 quae
704 3287 746 3338 a
797 3257 1100 3337 sanitate
1163 3259 1405 3339 aliena
1447 3261 1526 3351 in
1577 3249 1782 3341 maffa
1851 3255 2246 3334 humorum
2286 3252 2398 3335 of·
2526 3252 2527 3255 ’

423 3383 791 3469 ’Τειιάιιιιῐ
816 3438 845 3474 ,
932 3382 1162 3462 diluta
1223 3406 1366 3487 -per
1418 3383 1664 3474 alvum
1743 3378 2158 3481 lotiumque
2231 3403 2404 3457 eve·
2486 3372 2487 3377 '

476 3510 701 3605 hunt,
742 3506 880 3592 διο.
990 3506 1331 3590 Nervose
1398 3529 1539 3611 pro
1606 3524 1815 3582 more
1886 3497 2019 3579 suo
2076 3499 2174 3579 de
2252 3501 2405 3580 illa.

593 3620 636 3665 ,Σ
1548 3655 1555 3658 .

468 3770 2383 3813 ”mm-*m

556 3903 636 3987 (J,
651 3905 680 3989 )
733 3905 882 4013 viae
926 3907 978 3990 ς.
1017 3919 1110 3979 ιε’
1133 3902 1243 3991 t).
