<?xml version="1.0" encoding="UTF-8"?>
<!DOCTYPE html PUBLIC "-//W3C//DTD XHTML 1.0 Transitional//EN"
    "http://www.w3.org/TR/xhtml1/DTD/xhtml1-transitional.dtd">
<html xmlns="http://www.w3.org/1999/xhtml" xml:lang="en" lang="en">
 <head>
  <title>
</title>
<meta http-equiv="Content-Type" content="text/html;charset=utf-8" />
  <meta name='ocr-system' content='tesseract 3.04.00' />
  <meta name='ocr-capabilities' content='ocr_page ocr_carea ocr_par ocr_line ocrx_word'/>
</head>
<body>
  <div class='ocr_page' id='page_1' title='image "./wenceslaitrnkad00kogoog_0129.png"; bbox 0 0 2752 4673; ppageno 0'>
   <div class='ocr_carea' id='block_1_1' title="bbox 344 492 2225 624">
    <p class='ocr_par' dir='ltr' id='par_1_1' title="bbox 344 492 2225 624">
     <span class='ocr_line' id='line_1_1' title="bbox 344 492 2225 624; baseline 0.023 -64"><span class='ocrx_word' id='word_1_1' title='bbox 344 492 555 578; x_wconf 56' lang='lat'>§.28</span> <span class='ocrx_word' id='word_1_2' title='bbox 944 540 951 551; x_wconf 83' lang='lat'><em>·</em></span> <span class='ocrx_word' id='word_1_3' title='bbox 1070 511 1398 580; x_wconf 81' lang='lat' dir='ltr'>PARS</span> <span class='ocrx_word' id='word_1_4' title='bbox 1480 518 1538 583; x_wconf 82' lang='grc' dir='ltr'>Ι.</span> <span class='ocrx_word' id='word_1_5' title='bbox 1946 558 1954 567; x_wconf 94' lang='lat'>·</span> <span class='ocrx_word' id='word_1_6' title='bbox 2089 542 2225 624; x_wconf 79' lang='lat'>113</span> 
     </span>
    </p>
   </div>
   <div class='ocr_carea' id='block_1_2' title="bbox 308 692 2223 1309">
    <p class='ocr_par' dir='ltr' id='par_1_2' title="bbox 308 692 2223 1309">
     <span class='ocr_line' id='line_1_2' title="bbox 330 692 2219 835; baseline 0.019 -54"><span class='ocrx_word' id='word_1_7' title='bbox 330 755 384 793; x_wconf 89' lang='lat'><strong><em>„</em></strong></span> <span class='ocrx_word' id='word_1_8' title='bbox 436 727 591 804; x_wconf 85' lang='lat' dir='ltr'>quae</span> <span class='ocrx_word' id='word_1_9' title='bbox 653 692 835 789; x_wconf 83' lang='lat' dir='ltr'>licet</span> <span class='ocrx_word' id='word_1_10' title='bbox 878 706 1009 789; x_wconf 84' lang='lat' dir='ltr'>usu</span> <span class='ocrx_word' id='word_1_11' title='bbox 1063 716 1363 796; x_wconf 88' lang='lat' dir='ltr'>corticis</span> <span class='ocrx_word' id='word_1_12' title='bbox 1409 706 1806 806; x_wconf 82' lang='lat' dir='ltr'>Peruviani</span> <span class='ocrx_word' id='word_1_13' title='bbox 1854 731 2219 835; x_wconf 85' lang='lat' dir='ltr'>saepiffime</span> 
     </span>
     <span class='ocr_line' id='line_1_3' title="bbox 308 828 2223 940; baseline 0.019 -36"><span class='ocrx_word' id='word_1_14' title='bbox 308 866 382 915; x_wconf 86' lang='lat'>·‚,</span> <span class='ocrx_word' id='word_1_15' title='bbox 433 828 826 935; x_wconf 85' lang='lat' dir='ltr'>profligata</span> <span class='ocrx_word' id='word_1_16' title='bbox 878 834 1108 935; x_wconf 87' lang='lat' dir='ltr'>fuerit</span> <span class='ocrx_word' id='word_1_17' title='bbox 1154 896 1181 932; x_wconf 88' lang='lat'><em>‚</em></span> <span class='ocrx_word' id='word_1_18' title='bbox 1260 844 1419 922; x_wconf 89' lang='lat' dir='ltr'>cito</span> <span class='ocrx_word' id='word_1_19' title='bbox 1480 867 1716 927; x_wconf 86' lang='lat' dir='ltr'>tamen</span> <span class='ocrx_word' id='word_1_20' title='bbox 1760 857 2223 940; x_wconf 85' lang='lat' dir='ltr'>revirescere</span> 
     </span>
     <span class='ocr_line' id='line_1_4' title="bbox 322 949 2219 1087; baseline 0.02 -61"><span class='ocrx_word' id='word_1_21' title='bbox 322 1004 379 1040; x_wconf 88' lang='lat'>‚,</span> <span class='ocrx_word' id='word_1_22' title='bbox 431 949 710 1033; x_wconf 81' lang='lat' dir='ltr'>solebat</span> <span class='ocrx_word' id='word_1_23' title='bbox 731 1015 757 1048; x_wconf 93' lang='lat'><strong><em>,</em></strong></span> <span class='ocrx_word' id='word_1_24' title='bbox 811 977 887 1036; x_wconf 93' lang='lat' dir='ltr'>et</span> <span class='ocrx_word' id='word_1_25' title='bbox 938 963 1233 1064; x_wconf 88' lang='lat' dir='ltr'>quidem</span> <span class='ocrx_word' id='word_1_26' title='bbox 1277 967 1585 1049; x_wconf 90' lang='lat' dir='ltr'>incertis</span> <span class='ocrx_word' id='word_1_27' title='bbox 1626 973 2036 1060; x_wconf 87' lang='lat' dir='ltr'>intervallis</span> <span class='ocrx_word' id='word_1_28' title='bbox 2081 1011 2219 1087; x_wconf 88' lang='lat' dir='ltr'>per</span> 
     </span>
     <span class='ocr_line' id='line_1_5' title="bbox 317 1081 2218 1204; baseline 0.023 -57"><span class='ocrx_word' id='word_1_29' title='bbox 317 1125 378 1161; x_wconf 90' lang='lat'>‚,</span> <span class='ocrx_word' id='word_1_30' title='bbox 419 1089 694 1153; x_wconf 67' lang='lat' dir='ltr'>⁴annum</span> <span class='ocrx_word' id='word_1_31' title='bbox 773 1081 1144 1185; x_wconf 84' lang='lat' dir='ltr'>integrum</span> <span class='ocrx_word' id='word_1_32' title='bbox 1208 1090 1299 1166; x_wconf 90' lang='lat' dir='ltr'>ad</span> <span class='ocrx_word' id='word_1_33' title='bbox 1364 1090 1657 1173; x_wconf 86' lang='lat' dir='ltr'>fatalem</span> <span class='ocrx_word' id='word_1_34' title='bbox 1722 1098 1945 1204; x_wconf 89' lang='lat' dir='ltr'>usque</span> <span class='ocrx_word' id='word_1_35' title='bbox 2023 1109 2218 1197; x_wconf 88' lang='lat' dir='ltr'>diem</span> 
     </span>
     <span class='ocr_line' id='line_1_6' title="bbox 309 1193 2214 1309; baseline 0.02 -38"><span class='ocrx_word' id='word_1_36' title='bbox 309 1193 374 1285; x_wconf 66' lang='lat'>,‘,</span> <span class='ocrx_word' id='word_1_37' title='bbox 429 1201 1002 1286; x_wconf 79' lang='lat' dir='ltr'>recrudescebat.</span> <span class='ocrx_word' id='word_1_38' title='bbox 1104 1209 1237 1289; x_wconf 49' lang='lat' dir='ltr'>‘Ab</span> <span class='ocrx_word' id='word_1_39' title='bbox 1283 1213 1505 1295; x_wconf 89' lang='lat' dir='ltr'>initio</span> <span class='ocrx_word' id='word_1_40' title='bbox 1559 1243 1746 1299; x_wconf 89' lang='lat' dir='ltr'>vero</span> <span class='ocrx_word' id='word_1_41' title='bbox 1812 1221 2046 1307; x_wconf 87' lang='lat' dir='ltr'>febris</span> <span class='ocrx_word' id='word_1_42' title='bbox 2096 1235 2214 1309; x_wconf 87' lang='lat' dir='ltr'>ab·-</span> 
     </span>
    </p>
   </div>
   <div class='ocr_carea' id='block_1_3' title="bbox 146 1565 2326 4040">
    <p class='ocr_par' dir='ltr' id='par_1_3' title="bbox 170 1565 2326 3536">
     <span class='ocr_line' id='line_1_7' title="bbox 304 1565 2208 1687; baseline 0.021 -49"><span class='ocrx_word' id='word_1_43' title='bbox 304 1619 367 1654; x_wconf 90' lang='lat'><strong>„</strong></span> <span class='ocrx_word' id='word_1_44' title='bbox 422 1565 578 1642; x_wconf 88' lang='lat' dir='ltr'>dies</span> <span class='ocrx_word' id='word_1_45' title='bbox 678 1572 1045 1653; x_wconf 85' lang='lat' dir='ltr'>crescebat</span> <span class='ocrx_word' id='word_1_46' title='bbox 1127 1604 1292 1657; x_wconf 87' lang='lat' dir='ltr'>cum</span> <span class='ocrx_word' id='word_1_47' title='bbox 1366 1610 1763 1687; x_wconf 84' lang='lat' dir='ltr'>augmento</span> <span class='ocrx_word' id='word_1_48' title='bbox 1857 1593 2058 1673; x_wconf 84' lang='lat' dir='ltr'>tuffis</span> <span class='ocrx_word' id='word_1_49' title='bbox 2128 1619 2208 1679; x_wconf 89' lang='lat' dir='ltr'>et</span> 
     </span>
     <span class='ocr_line' id='line_1_8' title="bbox 306 1676 2210 1815; baseline 0.019 -53"><span class='ocrx_word' id='word_1_50' title='bbox 306 1676 377 1777; x_wconf 67' lang='grc'>’,,·</span> <span class='ocrx_word' id='word_1_51' title='bbox 417 1687 777 1792; x_wconf 77' lang='lat' dir='ltr'>dyspnoeae</span> <span class='ocrx_word' id='word_1_52' title='bbox 815 1708 863 1774; x_wconf 46' lang='grc' dir='ltr'>εγ</span> <span class='ocrx_word' id='word_1_53' title='bbox 946 1700 1209 1800; x_wconf 88' lang='lat' dir='ltr'>quibus</span> <span class='ocrx_word' id='word_1_54' title='bbox 1280 1704 1618 1784; x_wconf 87' lang='lat' dir='ltr'>omnibus</span> <span class='ocrx_word' id='word_1_55' title='bbox 1652 1728 1671 1758; x_wconf 88' lang='grc'>-’</span> <span class='ocrx_word' id='word_1_56' title='bbox 1699 1696 2210 1815; x_wconf 84' lang='lat' dir='ltr'>symptomatis</span> 
     </span>
     <span class='ocr_line' id='line_1_9' title="bbox 308 1816 2323 1938; baseline 0.019 -54"><span class='ocrx_word' id='word_1_57' title='bbox 308 1862 362 1898; x_wconf 88' lang='lat'>,‚</span> <span class='ocrx_word' id='word_1_58' title='bbox 416 1816 782 1914; x_wconf 89' lang='lat' dir='ltr'>atrophia</span> <span class='ocrx_word' id='word_1_59' title='bbox 829 1823 1145 1922; x_wconf 83' lang='lat' dir='ltr'>partium</span> <span class='ocrx_word' id='word_1_60' title='bbox 1219 1826 1307 1903; x_wconf 88' lang='lat' dir='ltr'>ad</span> <span class='ocrx_word' id='word_1_61' title='bbox 1385 1830 1687 1930; x_wconf 85' lang='lat' dir='ltr'>gradum</span> <span class='ocrx_word' id='word_1_62' title='bbox 1772 1833 1998 1938; x_wconf 87' lang='lat' dir='ltr'>usque</span> <span class='ocrx_word' id='word_1_63' title='bbox 2062 1865 2205 1920; x_wconf 81' lang='lat' dir='ltr'>ma·</span> <span class='ocrx_word' id='word_1_64' title='bbox 2319 1880 2323 1885; x_wconf 94' lang='lat'><strong>·</strong></span> 
     </span>
     <span class='ocr_line' id='line_1_10' title="bbox 299 1934 2201 2046; baseline 0.021 -39"><span class='ocrx_word' id='word_1_65' title='bbox 299 1985 366 2027; x_wconf 64' lang='lat'>‚,‚</span> <span class='ocrx_word' id='word_1_66' title='bbox 416 1934 621 2012; x_wconf 83' lang='lat' dir='ltr'>rasmi</span> <span class='ocrx_word' id='word_1_67' title='bbox 659 1936 944 2018; x_wconf 89' lang='lat' dir='ltr'>tandem</span> <span class='ocrx_word' id='word_1_68' title='bbox 998 1940 1715 2046; x_wconf 50' lang='lat' dir='ltr'>superindu‘cebatur.</span> <span class='ocrx_word' id='word_1_69' title='bbox 1797 1961 1885 2038; x_wconf 92' lang='lat' dir='ltr'>In</span> <span class='ocrx_word' id='word_1_70' title='bbox 1934 1958 2201 2046; x_wconf 86' lang='lat' dir='ltr'>summa</span> 
     </span>
     <span class='ocr_line' id='line_1_11' title="bbox 307 2066 2197 2189; baseline 0.019 -57"><span class='ocrx_word' id='word_1_71' title='bbox 307 2111 357 2146; x_wconf 90' lang='lat'><strong>„</strong></span> <span class='ocrx_word' id='word_1_72' title='bbox 409 2068 595 2135; x_wconf 76' lang='lat' dir='ltr'>vero</span> <span class='ocrx_word' id='word_1_73' title='bbox 668 2066 1004 2166; x_wconf 87' lang='lat' dir='ltr'>corporis</span> <span class='ocrx_word' id='word_1_74' title='bbox 1089 2073 1589 2157; x_wconf 76' lang='lat' dir='ltr'>&#39;emaciatione</span> <span class='ocrx_word' id='word_1_75' title='bbox 1680 2102 1761 2163; x_wconf 90' lang='lat' dir='ltr'>et</span> <span class='ocrx_word' id='word_1_76' title='bbox 1828 2084 2197 2189; x_wconf 82' lang='lat' dir='ltr'>hydropis</span> 
     </span>
     <span class='ocr_line' id='line_1_12' title="bbox 301 2180 2194 2301; baseline 0.017 -45"><span class='ocrx_word' id='word_1_77' title='bbox 301 2233 355 2272; x_wconf 86' lang='lat'><em>„</em></span> <span class='ocrx_word' id='word_1_78' title='bbox 408 2184 594 2278; x_wconf 64' lang='grc' dir='ltr'>ἀκμῇ</span> <span class='ocrx_word' id='word_1_79' title='bbox 663 2180 914 2288; x_wconf 88' lang='lat' dir='ltr'>(quod</span> <span class='ocrx_word' id='word_1_80' title='bbox 959 2211 1216 2272; x_wconf 89' lang='lat' dir='ltr'>notatu</span> <span class='ocrx_word' id='word_1_81' title='bbox 1279 2196 1641 2301; x_wconf 81' lang='lat' dir='ltr'>dignum)</span> <span class='ocrx_word' id='word_1_82' title='bbox 1677 2202 2006 2285; x_wconf 81' lang='lat' dir='ltr'>&#39;vultum</span> <span class='ocrx_word' id='word_1_83' title='bbox 2070 2209 2194 2288; x_wconf 86' lang='lat' dir='ltr'>ha-</span> 
     </span>
     <span class='ocr_line' id='line_1_13' title="bbox 301 2307 2192 2432; baseline 0.016 -51"><span class='ocrx_word' id='word_1_84' title='bbox 301 2360 352 2397; x_wconf 91' lang='lat'><strong>„</strong></span> <span class='ocrx_word' id='word_1_85' title='bbox 404 2307 568 2388; x_wconf 91' lang='lat' dir='ltr'>buit</span> <span class='ocrx_word' id='word_1_86' title='bbox 651 2329 1004 2411; x_wconf 84' lang='lat' dir='ltr'>vegetum</span> <span class='ocrx_word' id='word_1_87' title='bbox 1075 2333 1152 2393; x_wconf 90' lang='lat' dir='ltr'>et</span> <span class='ocrx_word' id='word_1_88' title='bbox 1247 2320 1847 2425; x_wconf 86' lang='lat' dir='ltr'>elegantiffimum</span> <span class='ocrx_word' id='word_1_89' title='bbox 1889 2328 2192 2432; x_wconf 74' lang='lat' dir='ltr'>‘absque</span> 
     </span>
     <span class='ocr_line' id='line_1_14' title="bbox 294 2430 2326 2549; baseline 0.014 -45"><span class='ocrx_word' id='word_1_90' title='bbox 294 2481 349 2517; x_wconf 90' lang='lat'>,‚</span> <span class='ocrx_word' id='word_1_91' title='bbox 404 2430 531 2507; x_wconf 90' lang='lat' dir='ltr'>vel</span> <span class='ocrx_word' id='word_1_92' title='bbox 583 2432 878 2509; x_wconf 87' lang='lat' dir='ltr'>minima</span> <span class='ocrx_word' id='word_1_93' title='bbox 936 2434 1319 2517; x_wconf 86' lang='lat' dir='ltr'>flavedinis</span> <span class='ocrx_word' id='word_1_94' title='bbox 1365 2442 1732 2536; x_wconf 74' lang='lat' dir='ltr'>tincstura,</span> <span class='ocrx_word' id='word_1_95' title='bbox 1786 2452 2193 2549; x_wconf 84' lang='lat' dir='ltr'>appetitum</span> <span class='ocrx_word' id='word_1_96' title='bbox 2321 2511 2326 2515; x_wconf 79' lang='lat'>-</span> 
     </span>
     <span class='ocr_line' id='line_1_15' title="bbox 170 2552 2190 2674; baseline 0.013 -47"><span class='ocrx_word' id='word_1_97' title='bbox 170 2561 177 2564; x_wconf 42' lang='lat'>*</span> <span class='ocrx_word' id='word_1_98' title='bbox 297 2604 350 2639; x_wconf 88' lang='lat'>‚,</span> <span class='ocrx_word' id='word_1_99' title='bbox 402 2553 619 2630; x_wconf 89' lang='lat' dir='ltr'>etiam</span> <span class='ocrx_word' id='word_1_100' title='bbox 691 2552 975 2633; x_wconf 86' lang='lat' dir='ltr'>firmum</span> <span class='ocrx_word' id='word_1_101' title='bbox 1048 2556 1172 2634; x_wconf 89' lang='lat' dir='ltr'>seu</span> <span class='ocrx_word' id='word_1_102' title='bbox 1240 2563 1472 2662; x_wconf 85' lang='lat' dir='ltr'>magis</span> <span class='ocrx_word' id='word_1_103' title='bbox 1516 2588 1904 2661; x_wconf 81' lang='lat' dir='ltr'>voracem,</span> <span class='ocrx_word' id='word_1_104' title='bbox 1962 2570 2190 2674; x_wconf 85' lang='lat' dir='ltr'>idque</span> 
     </span>
     <span class='ocr_line' id='line_1_16' title="bbox 298 2672 2185 2804; baseline 0.016 -56"><span class='ocrx_word' id='word_1_105' title='bbox 298 2726 348 2762; x_wconf 91' lang='lat'>„</span> <span class='ocrx_word' id='word_1_106' title='bbox 397 2676 486 2752; x_wconf 89' lang='lat' dir='ltr'>ad</span> <span class='ocrx_word' id='word_1_107' title='bbox 547 2672 908 2758; x_wconf 87' lang='lat' dir='ltr'>funestum</span> <span class='ocrx_word' id='word_1_108' title='bbox 967 2678 1192 2782; x_wconf 88' lang='lat' dir='ltr'>usque</span> <span class='ocrx_word' id='word_1_109' title='bbox 1244 2683 1475 2765; x_wconf 88' lang='lat' dir='ltr'>diem.</span> <span class='ocrx_word' id='word_1_110' title='bbox 1530 2741 1553 2765; x_wconf 87' lang='lat'><strong>.</strong></span> <span class='ocrx_word' id='word_1_111' title='bbox 1606 2744 1628 2768; x_wconf 89' lang='lat'><strong>.</strong></span> <span class='ocrx_word' id='word_1_112' title='bbox 1656 2692 2185 2804; x_wconf 43' lang='lat' dir='ltr'>,Paracenthefi</span> 
     </span>
     <span class='ocr_line' id='line_1_17' title="bbox 294 2796 2186 2903; baseline 0.016 -31"><span class='ocrx_word' id='word_1_113' title='bbox 294 2848 345 2886; x_wconf 87' lang='lat'>‚,</span> <span class='ocrx_word' id='word_1_114' title='bbox 398 2852 418 2874; x_wconf 89' lang='lat'><strong>.</strong></span> <span class='ocrx_word' id='word_1_115' title='bbox 473 2854 495 2875; x_wconf 89' lang='lat'><strong>.</strong></span> <span class='ocrx_word' id='word_1_116' title='bbox 549 2853 572 2877; x_wconf 88' lang='lat'><strong>.</strong></span> <span class='ocrx_word' id='word_1_117' title='bbox 624 2796 819 2878; x_wconf 57' lang='lat' dir='ltr'>facia</span> <span class='ocrx_word' id='word_1_118' title='bbox 860 2802 939 2882; x_wconf 91' lang='lat' dir='ltr'>in</span> <span class='ocrx_word' id='word_1_119' title='bbox 977 2806 1365 2886; x_wconf 82' lang='lat' dir='ltr'>abdomine</span> <span class='ocrx_word' id='word_1_120' title='bbox 1393 2868 1422 2903; x_wconf 88' lang='lat'><strong><em>,</em></strong></span> <span class='ocrx_word' id='word_1_121' title='bbox 1473 2812 1641 2891; x_wconf 90' lang='lat' dir='ltr'>dum</span> <span class='ocrx_word' id='word_1_122' title='bbox 1691 2818 1928 2899; x_wconf 88' lang='lat' dir='ltr'>adhuc</span> <span class='ocrx_word' id='word_1_123' title='bbox 1955 2822 2186 2902; x_wconf 85' lang='lat' dir='ltr'>vivus</span> 
     </span>
     <span class='ocr_line' id='line_1_18' title="bbox 170 2933 2180 3038; baseline 0.017 -48"><span class='ocrx_word' id='word_1_124' title='bbox 170 2984 177 2990; x_wconf 80' lang='grc'><strong>.</strong></span> <span class='ocrx_word' id='word_1_125' title='bbox 274 2970 343 3008; x_wconf 34' lang='lat'>‡„</span> <span class='ocrx_word' id='word_1_126' title='bbox 396 2940 555 2997; x_wconf 90' lang='lat' dir='ltr'>erat</span> <span class='ocrx_word' id='word_1_127' title='bbox 627 2947 887 3023; x_wconf 83' lang='lat' dir='ltr'>puer„</span> <span class='ocrx_word' id='word_1_128' title='bbox 1000 2933 1452 3012; x_wconf 85' lang='lat' dir='ltr'>extraximus</span> <span class='ocrx_word' id='word_1_129' title='bbox 1528 2938 1874 3038; x_wconf 88' lang='lat' dir='ltr'>plurimas</span> <span class='ocrx_word' id='word_1_130' title='bbox 1926 2945 2180 3025; x_wconf 49' lang='lat' dir='ltr'>‘libras</span> 
     </span>
     <span class='ocr_line' id='line_1_19' title="bbox 289 3044 2272 3171; baseline 0.017 -53"><span class='ocrx_word' id='word_1_131' title='bbox 289 3095 342 3131; x_wconf 93' lang='lat'>„</span> <span class='ocrx_word' id='word_1_132' title='bbox 390 3044 601 3145; x_wconf 81' lang='lat' dir='ltr'>chyli</span> <span class='ocrx_word' id='word_1_133' title='bbox 650 3045 1107 3129; x_wconf 61' lang='lat' dir='ltr'>lactescentis</span> <span class='ocrx_word' id='word_1_134' title='bbox 1144 3072 1223 3132; x_wconf 90' lang='lat' dir='ltr'>et</span> <span class='ocrx_word' id='word_1_135' title='bbox 1267 3057 1646 3138; x_wconf 89' lang='lat' dir='ltr'>admodum</span> <span class='ocrx_word' id='word_1_136' title='bbox 1691 3064 1966 3160; x_wconf 84' lang='lat' dir='ltr'>dulciS,</span> <span class='ocrx_word' id='word_1_137' title='bbox 2002 3093 2176 3171; x_wconf 81' lang='lat' dir='ltr'>qua·</span> <span class='ocrx_word' id='word_1_138' title='bbox 2261 3054 2272 3068; x_wconf 70' lang='grc'><em>’</em></span> 
     </span>
     <span class='ocr_line' id='line_1_20' title="bbox 289 3167 2306 3288; baseline 0.017 -47"><span class='ocrx_word' id='word_1_139' title='bbox 289 3217 342 3254; x_wconf 87' lang='grc'>,,</span> <span class='ocrx_word' id='word_1_140' title='bbox 396 3167 491 3244; x_wconf 92' lang='lat' dir='ltr'>lis</span> <span class='ocrx_word' id='word_1_141' title='bbox 547 3168 627 3245; x_wconf 91' lang='lat' dir='ltr'>in</span> <span class='ocrx_word' id='word_1_142' title='bbox 678 3170 834 3273; x_wconf 89' lang='lat' dir='ltr'>ipso</span> <span class='ocrx_word' id='word_1_143' title='bbox 879 3170 1104 3251; x_wconf 73' lang='lat' dir='ltr'>duCtu</span> <span class='ocrx_word' id='word_1_144' title='bbox 1142 3177 1521 3279; x_wconf 88' lang='lat' dir='ltr'>chylifero</span> <span class='ocrx_word' id='word_1_145' title='bbox 1564 3190 1961 3287; x_wconf 87' lang='lat' dir='ltr'>reperitur.</span> <span class='ocrx_word' id='word_1_146' title='bbox 2021 3192 2171 3271; x_wconf 91' lang='lat' dir='ltr'>.A-</span> <span class='ocrx_word' id='word_1_147' title='bbox 2303 3287 2306 3288; x_wconf 13' lang='lat' dir='ltr'><strong><em>f</em></strong></span> 
     </span>
     <span class='ocr_line' id='line_1_21' title="bbox 284 3296 2169 3397; baseline 0.016 -35"><span class='ocrx_word' id='word_1_148' title='bbox 284 3305 338 3374; x_wconf 79' lang='lat'>,·‚</span> <span class='ocrx_word' id='word_1_149' title='bbox 388 3301 605 3378; x_wconf 83' lang='lat' dir='ltr'>perto</span> <span class='ocrx_word' id='word_1_150' title='bbox 678 3317 867 3373; x_wconf 89' lang='lat' dir='ltr'>vero</span> <span class='ocrx_word' id='word_1_151' title='bbox 950 3296 1501 3397; x_wconf 85' lang='lat' dir='ltr'>postmortem</span> <span class='ocrx_word' id='word_1_152' title='bbox 1575 3308 1932 3388; x_wconf 88' lang='lat' dir='ltr'>cadavere</span> <span class='ocrx_word' id='word_1_153' title='bbox 2018 3336 2169 3393; x_wconf 88' lang='lat' dir='ltr'>non</span> 
     </span>
     <span class='ocr_line' id='line_1_22' title="bbox 182 3413 2169 3536; baseline 0.015 -52"><span class='ocrx_word' id='word_1_154' title='bbox 182 3449 185 3452; x_wconf 32' lang='lat'>*</span> <span class='ocrx_word' id='word_1_155' title='bbox 282 3464 336 3498; x_wconf 90' lang='lat'>„</span> <span class='ocrx_word' id='word_1_156' title='bbox 388 3413 750 3493; x_wconf 87' lang='lat' dir='ltr'>obstante·</span> <span class='ocrx_word' id='word_1_157' title='bbox 811 3417 1099 3497; x_wconf 89' lang='lat' dir='ltr'>difficili</span> <span class='ocrx_word' id='word_1_158' title='bbox 1186 3420 1670 3524; x_wconf 81' lang='lat' dir='ltr'>respiratione</span> <span class='ocrx_word' id='word_1_159' title='bbox 1775 3449 1853 3508; x_wconf 92' lang='lat' dir='ltr'>et</span> <span class='ocrx_word' id='word_1_160' title='bbox 1944 3433 2169 3536; x_wconf 86' lang='lat' dir='ltr'>longa</span> 
     </span>
    </p>

    <p class='ocr_par' dir='ltr' id='par_1_4' title="bbox 146 3532 2171 4040">
     <span class='ocr_line' id='line_1_23' title="bbox 266 3532 2168 3647; baseline 0.012 -35"><span class='ocrx_word' id='word_1_161' title='bbox 266 3583 345 3623; x_wconf 24' lang='lat'>¹„</span> <span class='ocrx_word' id='word_1_162' title='bbox 387 3532 548 3614; x_wconf 84' lang='lat' dir='ltr'>tuffi</span> <span class='ocrx_word' id='word_1_163' title='bbox 612 3539 1025 3617; x_wconf 88' lang='lat' dir='ltr'>invenimus</span> <span class='ocrx_word' id='word_1_164' title='bbox 1087 3542 1474 3641; x_wconf 89' lang='lat' dir='ltr'>pulmones</span> <span class='ocrx_word' id='word_1_165' title='bbox 1553 3544 1749 3647; x_wconf 83' lang='lat' dir='ltr'>ipsos</span> <span class='ocrx_word' id='word_1_166' title='bbox 1813 3551 2021 3630; x_wconf 86' lang='lat' dir='ltr'>sanos</span> <span class='ocrx_word' id='word_1_167' title='bbox 2065 3575 2168 3635; x_wconf 52' lang='lat' dir='ltr'>‘et</span> 
     </span>
     <span class='ocr_line' id='line_1_24' title="bbox 146 3657 2171 3779; baseline 0.011 -44"><span class='ocrx_word' id='word_1_168' title='bbox 146 3691 151 3694; x_wconf 67' lang='lat'>-</span> <span class='ocrx_word' id='word_1_169' title='bbox 277 3711 331 3747; x_wconf 89' lang='lat'>„</span> <span class='ocrx_word' id='word_1_170' title='bbox 383 3659 535 3738; x_wconf 85' lang='lat' dir='ltr'>fine</span> <span class='ocrx_word' id='word_1_171' title='bbox 592 3661 839 3765; x_wconf 65' lang='lat' dir='ltr'>aliqua,</span> <span class='ocrx_word' id='word_1_172' title='bbox 898 3690 973 3766; x_wconf 84' lang='lat' dir='ltr'>p.</span> <span class='ocrx_word' id='word_1_173' title='bbox 1017 3686 1092 3743; x_wconf 89' lang='lat' dir='ltr'>n.</span> <span class='ocrx_word' id='word_1_174' title='bbox 1137 3657 1607 3759; x_wconf 51' lang='lat' dir='ltr'>affectione,-</span> <span class='ocrx_word' id='word_1_175' title='bbox 1642 3672 1774 3749; x_wconf 88' lang='lat' dir='ltr'>nifi</span> <span class='ocrx_word' id='word_1_176' title='bbox 1831 3677 2033 3779; x_wconf 71' lang='lat' dir='ltr'>&#39;quod</span> <span class='ocrx_word' id='word_1_177' title='bbox 2083 3678 2171 3758; x_wconf 81' lang='lat' dir='ltr'>in</span> 
     </span>
     <span class='ocr_line' id='line_1_25' title="bbox 276 3765 2165 3900; baseline 0.013 -43"><span class='ocrx_word' id='word_1_178' title='bbox 276 3834 330 3870; x_wconf 91' lang='lat'>,‚</span> <span class='ocrx_word' id='word_1_179' title='bbox 357 3765 659 3885; x_wconf 79' lang='lat' dir='ltr'>&#39;postica</span> <span class='ocrx_word' id='word_1_180' title='bbox 731 3806 937 3888; x_wconf 90' lang='lat' dir='ltr'>parte</span> <span class='ocrx_word' id='word_1_181' title='bbox 1027 3808 1262 3889; x_wconf 89' lang='lat' dir='ltr'>prope</span> <span class='ocrx_word' id='word_1_182' title='bbox 1350 3791 1718 3869; x_wconf 89' lang='lat' dir='ltr'>tracheam</span> <span class='ocrx_word' id='word_1_183' title='bbox 1808 3800 2165 3900; x_wconf 80' lang='lat' dir='ltr'>glandulae</span> 
     </span>
     <span class='ocr_line' id='line_1_26' title="bbox 279 3908 2160 4040; baseline 0.011 -60"><span class='ocrx_word' id='word_1_184' title='bbox 279 3955 331 3994; x_wconf 56' lang='grc' dir='ltr'><strong>υ</strong></span> <span class='ocrx_word' id='word_1_185' title='bbox 381 3908 820 4009; x_wconf 87' lang='lat' dir='ltr'>apparebant</span> <span class='ocrx_word' id='word_1_186' title='bbox 887 3909 1103 3992; x_wconf 86' lang='lat' dir='ltr'>valde</span> <span class='ocrx_word' id='word_1_187' title='bbox 1165 3908 1558 4014; x_wconf 69' lang='lat' dir='ltr'>numerosae</span> <span class='ocrx_word' id='word_1_188' title='bbox 1581 3967 1609 4006; x_wconf 93' lang='lat'><em>,</em></span> <span class='ocrx_word' id='word_1_189' title='bbox 1684 3923 1932 4024; x_wconf 80' lang='lat' dir='ltr'>eaeque</span> <span class='ocrx_word' id='word_1_190' title='bbox 1965 3918 2160 4040; x_wconf 64' lang='lat' dir='ltr'>=satis</span> 
     </span>
    </p>
   </div>
   <div class='ocr_carea' id='block_1_4' title="bbox 1706 4035 1782 4130">
    <p class='ocr_par' dir='ltr' id='par_1_5' title="bbox 1706 4035 1782 4130">
     <span class='ocr_line' id='line_1_27' title="bbox 1706 4035 1782 4130; baseline 0 -4"><span class='ocrx_word' id='word_1_191' title='bbox 1706 4035 1782 4130; x_wconf 84' lang='grc' dir='ltr'>,Η</span> 
     </span>
    </p>
   </div>
  </div>
 </body>
</html>
