2752 4673
311 482 506 576 §034
972 480 1440 549 PARsl.
2066 495 2204 576 147

190 752 197 755 <
309 687 613 770 heffica·
637 687 1250 773 intermittentem
1284 709 1430 790 prae
1475 684 1552 766 se
1606 682 1897 769 ferente
1946 687 2206 770 habea-

310 836 462 896 tur.
566 810 941 894 Posterius
986 810 1397 890 innotescet
1416 867 1444 905 ,
1494 810 1550 886 fi
1587 813 1677 889 ad
1730 814 2052 892 oblatum
2087 839 2212 892 va-

294 940 454 1031 ,riis
506 935 719 1016 horis
762 933 1001 1010 cibum
1064 933 1267 1010 calor
1327 933 1737 1011 increverit
1786 958 1946 1011 cum
2007 958 2211 1013 acce-

319 1060 695 1140 leratione
741 1051 984 1165 pulsus
1021 1056 1223 1151 (d);
1274 1055 1482 1158 prius
1513 1079 1699 1135 vero
1723 1080 1770 1132 e
1798 1053 2217 1136 discrimine

322 1176 660 1261 hefticas
704 1180 917 1256 inter
967 1200 1049 1254 ac
1090 1178 1509 1280 periodicas
1552 1180 1772 1280 paulo
1825 1203 1993 1257 ante
2047 1179 2220 1260 dato

325 1298 553 1382 facile
592 1319 916 1380 eruetur.
1020 1301 1353 1405 Namque
1403 1302 1457 1378 fi
1491 1317 1759 1403 praeter
1800 1302 2214 1403 pathogno-

327 1423 594 1501 micum
635 1418 940 1499 hefflcae
992 1422 1270 1525 fignum
1320 1424 1618 1501 morbus
1681 1419 2091 1501 manifestas
2132 1423 2218 1500 fi-

321 1546 476 1622 mul
532 1543 871 1651 habuerit
943 1541 1385 1625 acceffiones
1454 1542 1810 1648 stigoriS‚
1900 1546 2216 1638 caloris,

314 1666 598 1746 sudoris
648 1722 675 1758 ,
774 1691 935 1771 qvae
1004 1666 1320 1746 notabili
1386 1685 1468 1744 et
1543 1667 1877 1771 aequabili
1938 1665 2223 1769 semper

314 1810 661 1891 tempore
699 1790 968 1866 durent
989 1844 1015 1878 ,
1068 1784 1519 1892 sudoresque
1561 1787 1844 1869 fuerint
1890 1789 2166 1892 copiosi
2190 1844 2221 1882 ‚

308 1912 556 1993 roridi
585 1966 613 2001 ,
666 1908 1116 1988 univerfirles
1158 1967 1186 2002 ‚
1239 1932 1320 1991 et
1354 1913 1813 2017 aliquatenus
1857 1915 2223 2006 levanteS,

306 2036 370 2113 fi
418 2030 814 2136 praesertim
861 2033 937 2111 id
1014 2037 1370 2137 temporis
1432 2035 2011 2119 intermittentes
2064 2038 2223 2139 epi-

305 2156 614 2261 demicae
660 2149 1063 2257 graffentur
1087 2213 1115 2248 ,
1167 2157 1304 2239 &c.
1355 2181 1508 2239 non
1551 2158 1703 2236 erit
1755 2157 2220 2259 ambiguum,

306 2274 935 2388 intermittentem
983 2274 1292 2358 hesticae
1348 2276 1495 2360 effe
1529 2279 2053 2382 complicatam.
2103 2279 2222 2355 In-

312 2399 765 2481 tricatiflima
808 2400 1141 2479 veroest
1192 2403 1554 2504 diagnofis
1593 2403 1677 2480 in
1718 2396 2014 2480 hectica
2056 2421 2225 2477 cum

319 2543 534 2603 acuta
578 2524 1014 2604 continente
1074 2525 1512 2626 compofita,
1579 2548 1719 2602 nec
1763 2521 1899 2599 nist
1958 2518 2223 2599 summa

325 2642 705 2748 sagacitate
798 2643 1227 2746 detegenda.
1418 2645 1737 2725 Unicum
1751 2631 1770 2646 ¹
1802 2641 2018 2740 hujus
2103 2640 2223 2719 rei

256 2819 261 2828 ·
327 2772 739 2872 exemplum
779 2767 1048 2870 reperi*
1080 2766 1272 2871 apud
1314 2790 1396 2847 v.
1427 2790 1527 2847 R!
1556 2794 1600 2846 E
1622 2792 1729 2847 nr.
1751 2793 1782 2847 1
1808 2789 1866 2846 N
1894 2792 1943 2845 υ
1965 2788 2025 2846 M
2074 2763 2218 2880 (e),

318 2892 464 2973 duo
493 2887 758 2995 nempe
791 2891 1023 2994 puelli
1053 2914 1148 2969 ex
1176 2916 1328 2993 quo
1362 2889 1671 2971 variolis
1708 2889 2217 2992 morbillisque

313 3015 764 3104 laborarunt.
783 3015 1125 3093 continua
1146 3009 1308 3092 fere
1323 3009 1483 3104 tuffi
1508 3014 2063 3100 vexabantur‚et
2087 3034 2215 3090 ex.

313 3136 820 3218 tenuabantur:
842 3137 1033 3216 unde
1051 3140 1284 3217 altero
1303 3162 1347 3214 e
1364 3136 1568 3216 vivis
1583 3157 1843 3236 erepto
1867 3133 2056 3208 alter
2085 3153 2218 3208 un-

319 3256 581 3334 dennis
607 3314 635 3349 ,
655 3262 863 3376 quod
877 3261 1123 3339 mitius
1158 3276 1571 3361 aegrotaret,
1621 3253 2033 3358 supervixit
2059 3254 2220 3354 qui-

336 3377 544 3475 dem,
612 3402 686 3462 at
747 3380 944 3463 tuffis
996 3377 1216 3498 fiebat
1285 3380 1371 3459 in
1428 3383 1587 3461 dies
1655 3375 2220 3466 vehementiora

472 3743 568 3825 d)
610 3742 860 3821 Vide§.
908 3759 971 3825 5.
1005 3744 1111 3828 c)

542 3842 744 3925 )Lin.
783 3843 944 3909 med
975 3863 1109 3909 nnn.
1122 3841 1208 3909 ..6
1245 3843 1418 3923 Aug
1452 3847 1654 3921 1801>
1695 3850 1846 3920 924.

1757 4000 1836 4122 *K

417 3740 451 3825 (

422 3839 511 3928 (
