2752 4673
304 376 479 459 ιι
1022 385 1495 460 ΡΑκεῐ.
2169 414 2219 496 3

289 639 353 680 „
411 589 495 666 in
554 585 816 671 habitu
871 584 1209 698 corporis
1281 598 1409 680 seu
1487 597 1820 704 partibus
1877 605 2200 702 eJusdem

288 766 347 805 ‚,
405 710 668 815 solidis
730 717 1081 799 inhaereat
1150 718 1559 822 (inhaerent
1627 728 1826 804 enim
1920 751 1999 807 et
2060 736 2220 813 alite

285 896 348 936 „
408 839 771 940 omnes),
849 839 972 921 sed
1034 872 1077 923 a
1147 848 1369 925 modo
1440 836 1901 951 inhaerendi3
1980 872 2207 940 tantas

231 966 236 967 ⁷
284 1021 342 1060 „
398 969 618 1044 enim
665 967 951 1046 radices
1006 967 1089 1043 in
1139 966 1468 1063 subjefto
1533 969 1664 1047 suo
1740 976 1928 1076 agit,
2002 1001 2088 1058 ut
2139 982 2218 1062 in

282 1144 339 1183 ‚,
393 1089 748 1168 habitum
793 1091 1011 1169 abeat
1039 1147 1068 1182 ,
1119 1098 1200 1170 ec
1240 1091 1459 1170 instar
1497 1088 1674 1183 egem
1736 1096 2023 1179 difficili
2086 1084 2218 1183 ek.

233 1208 236 1211 ’
285 1275 340 1314 ,,
394 1218 828 1320 stinguatur
868 1220 1173 1322 negotio
1204 1277 1262 1313 ,‚
1314 1202 1442 1309 Vel
1469 1206 1701 1301 multe
1729 1228 1981 1329 potius
2012 1231 2216 1335 quod

288 1341 641 1420 maxime
665 1338 1096 1483 conspicua
1164 1345 1355 1424 laefio
1433 1370 1530 1424 ex
1598 1348 1738 1425 hac
1812 1346 2024 1429 febre
2119 1354 2211 1433 ad
2336 1456 2343 1461 .

293 1462 580 1567 ipsum
592 1434 927 1565 corporis
997 1468 1329 1546 habitum
1382 1472 1813 1570 pertineat,
1882 1474 2209 1555 carnium

251 1609 571 1705 *nempe
647 1581 997 1690 (quarum
1082 1615 1145 1668 e
1208 1591 1397 1669 statu
1461 1593 1793 1673 habitum
1872 1598 2210 1695 corporis

296 1697 633 1816 alinquin
672 1710 925 1790 metiri
962 1711 1526 1812 consvevimus)
1568 1717 1981 1799 imminutio
2001 1773 2032 1812 ,
2087 1743 2209 1801 ex-

297 1836 638 1917 tenuatio
665 1892 691 1928 ,
745 1853 827 1915 et
875 1857 1163 1918 marcor
1221 1836 1544 1941 infignis.

1171 2080 1374 2189 §221
1470 2124 1475 2131 ·

500 2334 618 2417 De
663 2331 893 2420 febris
940 2338 1157 2438 hujus
1193 2340 1470 2421 indole
1489 2389 1516 2435 9
1599 2339 1826 2428 eaufis
1849 2405 1875 2441 ,
1946 2364 2025 2428 et
2082 2366 2209 2428 cu·

331 2457 590 2542 ratione
655 2486 1290 2541 ΗιΡΡοειιΑτι
1359 2465 1666 2565 ejusque
1731 2468 2002 2544 coaevis
2047 2469 2210 2545 Me·

335 2577 500 2661 dicis
534 2586 666 2665 vix
712 2571 992 2688 aliquid
1038 2585 1119 2662 in
1166 2585 1488 2686 acceptis
1549 2585 1950 2686 ἀεὺεωιιες
2020 2589 2207 2671 adeo

321 2705 497 2783 enim
545 2709 892 2811 exiguam
935 2707 1140 2787 illius
1187 2707 1346 2787 hic
1376 2707 1545 2802 illic
1582 2710 2030 2792 mentionem
2094 2711 2203 2792 in

296 2825 503 2926 jicit,
562 2850 647 2909 ut
682 2855 779 2908 ne
823 2855 1089 2930 nomen
1116 2833 1412 2935 quidem
1442 2830 1750 2913 hefflcae
1790 2835 1982 2936 apud
2023 2853 2202 2914 eun-

304 2945 463 3031 dem
503 2952 598 3033 fit
639 2948 1016 3055 reperire:
1072 2973 1293 3034 vocat
1332 2951 1465 3035 ille
1498 2957 1657 3035 ‘hoc
1692 2949 1929 3034 motbi
1967 2974 2205 3060 genus
2276 2993 2279 2996 ·

299 3067 587 3155 febrem'
634 3077 970 3180 longam,
1018 3078 1433 3181 langvidam
1462 3137 1490 3172 ,
1567 3080 1809 3166 lenem
1852 3071 1948 3179 (e)
1976 3132 2003 3172 ,
2061 3077 2202 3161 &m
2270 3069 2275 3074 ’

300 3217 520 3301 atque
589 3218 677 3278 ut
745 3198 1137 3304 plurimum
1214 3201 1308 3278 de
1381 3198 1656 3304 phthifi
1728 3221 1954 3304 agens
2042 3203 2204 3300 ejus

305 3323 830 3403 commeminit.
982 3321 1263 3402 Primus
1325 3326 1591 3428 utique
1637 3378 1664 3416 ,
1752 3344 2096 3429 quantum
2153 3341 2200 3401 e

306 3447 800 3525 monumentis
850 3443 1213 3525 Veterum
1239 3443 1427 3523 scire
1461 3443 1684 3539 licet,
1738 3473 1790 3527 G
1811 3469 1867 3527 Α·
1887 3473 1926 3526 L
1946 3475 1991 3525 E
2014 3471 2067 3526 N
2087 3439 2199 3527 οὲ

306 3565 621 3647 hefficae
696 3567 930 3650 febris
1010 3590 1174 3648 cum
1236 3588 1506 3647 nomen
1570 3588 1722 3648 tum
1793 3566 2201 3649 dominam

1631 3692 1715 3773 A
1769 3715 1817 3769 2
1931 3747 1933 3749 -

395 3956 503 4046 (ο)
543 3929 711 4034 Sea.
759 3981 820 4041 ς,
856 3958 1064 4044 apher,
1100 3957 1210 4042 64,
