2752 4673
387 462 444 539 ς.
492 475 611 548 44.
1070 453 1117 524 ε’»
1159 466 1222 529 A
1266 460 1317 525 R
1362 464 1401 527 s
1483 470 1571 532 «Π.
1836 465 1842 471 ·
2104 482 2284 556 »αος

384 724 466 760 ,,,
494 669 833 745 detentus
873 721 901 756 ,
965 667 1095 743 ÷ob
1179 669 1422 747 alvum
1512 668 1916 750 adstrieftam
2002 671 2289 774 sumpfit

389 846 448 883 „
500 816 820 894 purgans
864 812 960 865 ex
1010 788 1383 891 diagrydii
1428 790 1830 894 sulphurati
1860 816 1972 893 gr.
2027 795 2075 890 ij
2121 820 2284 871 cum

149 945 154 948 -
244 986 249 990 ,
355 970 440 1005 „‚
502 920 621 1024 ῼο
686 913 1074 992 vitriolato
1116 939 1365 1015 ,41ηο
1447 913 1751 998 multum
1820 913 2087 1011 dejecit
2113 976 2140 1008 ,
2208 940 2288 1006 et

385 1093 441 1129 „
496 1036 772 1114 diutius
827 1061 1038 1138 quam
1105 1059 1242 1138 per
1296 1031 1699 1116 offiduum.
1850 1036 2028 1116 Inde
2082 1043 2289 1121 vi‘res

363 1213 441 1250 .‚,
495 1159 680 1236 adeo
744 1158 1274 1260 conciderunt,
1328 1179 1414 1238 ut
1485 1157 1791 1263 animus*
1829 1155 2050 1239 facile
2107 1161 2292 1242 defi-

389 1337 444 1373 „
504 1301 709 1359 ceret
773 1281 855 1358 in
931 1273 1066 1358 fitu
1132 1278 1559 1377 ereffiori.3
1640 1283 1840 1360 calor
1908 1283 2131 1362 etiam
2181 1287 2291 1364 in-

388 1458 449 1494 „
505 1404 829 1492 crebuit,
915 1421 994 1480 et
1062 1398 1348 1480 acceflit
1427 1403 1716 1481 tandem
1791 1402 2058 1484 summa
2113 1435 2308 1516 prae„

250 1555 254 1561 -
303 1567 316 1582 r
378 1581 437 1618 ‚,
492 1524 910 1602 cordiorum
1000 1525 1326 1603 anxietas
1359 1580 1415 1615 ,A
1454 1525 1543 1601 ad
1613 1550 1828 1626 quam
1905 1521 2288 1610 levandam

353 1703 429 1739 .‚,
485 1670 675 1725 vena
725 1666 1020 1748 aperta,
1073 1665 1154 1725 et
1210 1648 1770 1748 aliquot.unciae
1830 1645 2089 1726 emifl'ae
2138 1652 2285 1729 san-

367 1822 426 1860 „
477 1768 725 1870 guinis
784 1768 994 1846 fluidi
1064 1788 1144 1847 et
1195 1767 1470 1845 floridi.
1576 1766 1797 1845 Licet
1853 1786 2093 1846 autem
2168 1798 2286 1852 an.

357 1947 429 1982 .„
481 1892 797 1971 xietates
874 1892 1022 1969 hoc
1094 1887 1323 1979 faeta
1369 1890 1842 1984 levarentur,
1924 1913 2114 1994 aeger
2184 1913 2335 1973 ta-,
2401 1963 2409 1975 ,

363 2068 429 2105 „,
479 2038 653 2113 men
705 2014 803 2091 ob
856 2015 1129 2096 virium
1171 2010 1577 2116 plenarium
1630 2008 1904 2112 lapsum
1974 2014 2282 2095 animam

357 2191 424 2228 .‚,
475 2134 668 2213 haud
731 2135 832 2215 ita
886 2140 1118 2218 multo
1194 2138 1359 2240 post
1418 2131 1700 2213 efflavit
1743 2190 1824 2225 „.
1931 2141 2112 2216 Cum
2156 2167 2277 2219 au-

367 2278 520 2336 tem
590 2260 889 2336 morbus
959 2283 1110 2338 non
1194 2254 1427 2345 fuerit
1500 2255 1763 2365 ultimo
1831 2256 1910 2332 in
1996 2261 2224 2363 gradu
2254 2318 2279 2352 ,

369 2405 568 2471 mors
654 2383 839 2460 adeo
925 2380 1322 2486 improvisa
1415 2380 1548 2482 ipfi
1654 2406 1707 2457 H
1727 2405 1774 2458 o
1798 2406 1837 2455 F
1854 2404 1899 2467 Β
1914 2402 1979 2455 M
2000 2408 2059 2458 A
2077 2404 2134 2457 N
2154 2407 2209 2458 N
2229 2406 2282 2461 ο
2404 2390 2409 2393 ’

365 2505 834 2583 admirationi
938 2498 1154 2581 fuifl'e
1261 2502 1560 2581 videtur
1643 2530 1666 2579 :
1774 2500 1971 2578 unde
2056 2506 2277 2585 etiam

361 2681 425 2718 „
479 2621 785 2703 heffica'
822 2627 974 2705 haec
1038 2624 1272 2713 febris
1328 2624 1535 2718 (ait)
1597 2626 1702 2702 est
1748 2643 1960 2703 enata
2018 2628 2280 2729 procul

371 2747 706 2839 „dubio
773 2776 817 2841 a
878 2746 1292 2859 sphacelosa
1358 2745 1668 2827 visceris
1727 2749 2135 2847 cujusdam,
2198 2780 2281 2830 ac

367 2926 426 2969 ‚‚
477 2872 592 2948 uti
658 2871 959 2951 videtur
999 2928 1028 2964 ,
1107 2868 1398 2974 hepatis
1498 2873 1977 2975 corruptione
2026 2906 2052 2973 3
2100 2869 2282 2955 -non

368 3051 427 3097 2,
481 2994 676 3110 enin?
753 3018 1028 3074 novum
1084 2996 1234 3086 est,
1277 2992 1495 3098 *quod
1551 2992 1629 3071 in
1688 2982 2276 3098 languidioribus

367 3170 427 3207 „
480 3136 559 3194 et
619 3117 966 3196 diuturno
1057 3116 1380 3196 moer'ore
1468 3111 1756 3194 affeftis
1824 3113 2107 3198 viscera
2183 3108 2278 3200 ob

368 3292 427 3328 η
480 3234 897 3339 sanguinem
967 3240 1409 3341 stagnantem
1486 3241 1744 3317 abeant
1803 3240 1883 3317 in
1949 3244 2298 3343 putredif

372 3415 431 3451 „
485 3384 649 3437 nem
677 3418 705 3451 ,
784 3382 868 3465 ac
936 3361 1121 3438 teste
1182 3362 1611 3442 cadaverum
1673 3354 2003 3441 seffione
2085 3392 2275 3445 com-

367 3498 450 3599 Ρ·
486 3501 784 3584 pareant
860 3482 1072 3583 nigra
1100 3539 1127 3572 ,
1198 3502 1405 3565 tanto
1483 3482 1753 3582 magiS,
1813 3481 1871 3556 fi
1932 3485 2089 3564 vita
2163 3515 2275 3566 ac.

375 3661 431 3696 ‚,
484 3600 774 3683 cefferit
842 3601 1264 3681 sedentaria.
1422 3602 1645 3703 Signa
1695 3601 2052 3699 ejusmodi
2112 3633 2272 3693 cor-

373 3785 429 3820 „
481 3727 854 3839 ruptionis
926 3727 1226 3811 internae
1291 3723 1454 3805 sunt
1521 3725 1851 3827 plenaria
1901 3732 2271 3832 appetitus
2332 3804 2335 3808 .

372 3907 430 3943 ‚‚
482 3870 560 3927 et
628 3849 902 3945 virium
981 3851 1369 3956 prostratio
1412 3908 1439 3942 ,
1518 3848 1805 3942 ,somnus
1899 3874 2264 3955 nunquam
