2752 4673
554 564 691 641 174
873 541 1283 617 HISTORIAE
1342 546 1610 615 FEBRIS
1654 549 2046 616 HECTICAE
2217 554 2279 645 ς.
2301 556 2420 644 38.

544 817 602 856 „
652 760 846 838 mina
890 753 1182 858 plebeia
1230 755 1328 854 65
1384 776 1732 834 annorum
1794 774 1936 857 pro
2001 754 2136 835 suae
2187 763 2425 839 aetatis

544 941 600 995 ,ἲ
653 881 940 962 ratione
989 873 1155 955 satis
1205 877 1441 955 adhuc
1491 897 1759 980 vegeta
1791 934 1817 970 ‚
1872 879 2193 959 durioris·
2247 884 2427 976 vitae

544 1064 599 1101 „
652 999 949 1107 generis
981 1057 1008 1091 ,
1109 994 1414 1078 frustum
1477 1000 2022 1079 membranaceo
2043 1004 2428 1084 -tendino-

541 1185 599 1222 ‚‚
651 1122 802 1205 sum
865 1120 1110 1200 cordis
1180 1123 1438 1201 bubuli
1498 1119 1697 1201 coffl
1759 1119 2130 1202 fervidum
2185 1125 2427 1205 adhuc

542 1306 597 1344 „
647 1242 940 1326 incaute
1007 1243 1484 1346 deglutiebat.
1624 1245 1883 1326 Statim
1942 1264 2184 1324 autem
2245 1246 2419 1325 inde

530 1396 597 1465 ‘„
647 1369 887 1452 minus
941 1368 1316 1445 commode
1381 1368 1695 1447 habebat
1720 1425 1747 1459 ,
1836 1367 2415 1449 increscentibus
2487 1463 2496 1470 ⁴

537 1551 596 1591 υ
649 1488 993 1596 paulatim
1042 1489 1225 1568 adeo
1270 1483 1873 1594 'symptomatibus
1896 1546 1922 1581 ,
1987 1509 2072 1569 ut
2130 1486 2257 1568 sub
2309 1486 2417 1567 fe-

539 1674 597 1712 „
648 1614 801 1694 bris
838 1614 1052 1690 lentae
1082 1614 1213 1692 vel
1250 1609 1560 1691 hefflcae
1592 1612 1798 1692 larva
1836 1613 2284 1701 medicorum
2333 1629 2412 1690 et

542 1778 601 1832 ‚,·
649 1723 1240 1816 medicastroru'm
1304 1735 1511 1814 varia
1560 1756 1698 1838 per
1744 1735 2122 1814 biennium
2168 1735 2409 1812 elude-

536 1916 594 1955 „
645 1876 814 1937 rent
855 1850 1269 1937 tentaminass
1395 1859 1668 1960 Infigni
1737 1878 1979 1938 autem
2046 1855 2410 1960 praecipue

537 2037 594 2075 ‚,
645 1981 906 2060 dolore
973 1978 1053 2054 in
1121 1976 1408 2058 finistro
1468 1978 1927 2084 affligebatur
1976 1980 2413 2080 hypochon-

543 2159 600 2197 „
652 2100 818 2179 drio
879 2101 1050 2178 inde
1103 2100 1191 2178 ad
1234 2122 1450 2205 caput
1504 2102 1731 2207 usque
1797 2103 1871 2183 se
1922 2098 2403 2187 extendente,

534 2281 591 2317 „
642 2223 777 2326 qui
805 2223 857 2299 fi
899 2222 972 2301 se
1017 2221 1090 2302 se
1125 2226 1505 2328 erigeret,
1556 2224 1634 2302 in
1669 2222 2227 2330 hypochondrio
2273 2237 2414 2300 ex-‚.

536 2404 591 2440 ,‚
642 2347 1156 2448 acerbabatur3
1235 2349 1292 2426 fi
1336 2374 1527 2428 vero
1574 2350 2039 2429 decumberet
2071 2399 2096 2440 ,·
2170 2342 2402 2425 verti·

531 2525 591 2563 „
639 2470 890 2575 ginem
947 2471 1357 2551 inducebat.
1479 2469 1843 2575 Ufurpato
1905 2471 2193 2553 tandem
2246 2524 2267 2547 .
2311 2523 2333 2545 .
2381 2522 2405 2546 .

531 2648 588 2686 υ
642 2591 882 2673 infuso
925 2595 1173 2697 aliquo
1219 2619 1313 2673 ex
1346 2595 1513 2674 aloe
1539 2652 1565 2686 ,
1618 2598 1961 2697 myrrha,
2024 2613 2105 2672 et
2150 2609 2248 2661 nu
2293 2588 2406 2667 vi-

530 2772 585 2809 „
634 2716 737 2792 ni=
767 2717 1202 2795 cochleatim
1256 2713 1544 2817 sumpto
1586 2742 1720 2819 per
1774 2717 2075 2822 aliquod
2128 2733 2406 2815 tempo-

532 2893 587 2930 „
641 2837 746 2914 ris
787 2834 1090 2939 spatium
1146 2837 1366 2914 tantis
1426 2838 1813 2942 aliquando
1870 2840 2409 2944 corripiebatur

531 3017 587 3054 „
640 2958 986 3062 angustiis
1025 2954 1515 3038 suffocatoriis
1566 2982 1645 3042 et
1702 2964 2203 3068 debilitatibus
2226 3017 2252 3053 ‚
2321 2970 2405 3034 ut

515 3140 586 3178 „‚
639 3109 685 3161 e
743 3074 953 3160 lecto
1001 3077 1076 3160 se
1126 3079 1201 3158 se
1255 3082 1647 3187 proripere
1708 3108 1788 3167 et
1836 3085 2025 3166 sellae
2090 3083 2400 3162 inlidere

514 3225 582 3296 ·„
633 3222 1089 3306 cogeretur..
1156 3204 1533 3285 Sentiebat
1580 3205 1722 3293 sub·
1756 3210 1876 3289 his
1931 3229 2395 3288 concremen-

474 3335 475 3338 ‘
522 3382 577 3419 ,,
629 3338 784 3406 tum
821 3327 1116 3431 aliquod
1163 3352 1209 3405 e
1260 3328 1540 3409 finistro
1595 3332 2190 3444 hypochondriof
2227 3354 2395 3414 ver·
2531 3339 2540 3358 ²

504 3467 575 3545 ·,‚
627 3449 741 3530 sus
782 3451 1024 3554 gulam
1062 3448 1450 3532 ascendere
1471 3512 1496 3545 ,
1562 3477 1698 3558 per
1748 3477 1960 3560 quam
2021 3446 2183 3532 find
2235 3433 2394 3532 ullo

516 3632 572 3668 2»
624 3574 915 3668 vomitu
952 3591 1077 3654 aut
1128 3570 1288 3651 tuffi
1306 3632 1331 3665 ‚
1358 3597 1472 3658 “ut-
1501 3579 1892 3681 aliquoties
1933 3573 2393 3676 inteirogata

431 3760 436 3764 .
516 3754 570 3789 „
624 3699 1032 3807 constanter
1083 3693 1470 3776 affirmavit
1493 3755 1518 3790 ‚
1587 3701 1873 3781 demum
1920 3700 2389 3800 erumpebat,

515 3873 570 3908 „
619 3815 920 3894 frustum
948 3817 1191 3897 cordis
1221 3819 1663 3921 deglutitum
1700 3849 1836 3928 per
1884 3821 2144 3916 ‚omnia
2193 3817 2386 3896 refe-

372 4039 391 4058 ·
514 3996 570 4034 ,‚
624 3962 835 4032 renS,
886 3939 1010 4019 fed
1048 3940 1366 4020 cuticula
1401 3946 1584 4052 ,alba
1635 3949 1879 4046 tenaci
1947 3937 2384 4029 obduRum,
