2752 4673
555 530 700 610 242
924 519 1387 594 ms‘romtffi
1423 511 1696 580 ananus
1742 513 2074 580 ancien:
2255 517 2309 599 §-
2339 521 2467 607 48

553 727 887 848 sequenti
938 726 1015 802 in
1065 722 1230 803 casu
1266 723 1373 801 est
1422 739 1804 824 expertus,
1855 719 1963 800 A.
1990 738 2189 826 1740
2227 725 2481 804 Mons-

545 837 737 957 pelii
827 847 1221 951 chirurgiae
1297 833 1658 923 studiosus
1750 842 2000 923 dextri
2093 846 2174 925 in
2263 851 2482 951 pedis

543 976 761 1056 dorso
839 996 1063 1076 parva
1173 968 1559 1048 tubercula
1673 968 2144 1072 gangliorum
2247 972 2477 1054 instar

534 1094 998 1199 emergentia
1068 1092 1469 1171 observans
1518 1115 1759 1193 ocyus
1803 1092 2187 1193 emplastra
2238 1092 2465 1174 resol-

539 1221 800 1301 ventia
869 1216 1280 1319 imposuit3
1379 1238 1697 1295 crevere
1784 1214 1915 1292 illa
1985 1233 2227 1294 tamen
2265 1273 2294 1307 ,
2382 1236 2465 1298 et

536 1343 703 1445 post
754 1364 802 1435 4
852 1337 1131 1417 menses
1190 1339 1446 1416 mollia
1494 1334 1691 1417 facia
1747 1362 2115 1439 crepuere
2142 1395 2169 1431 ,
2235 1341 2458 1420 uberi

528 1463 1054 1567 suppuratione
1115 1457 1470 1565 sequente
1498 1488 1523 1539 :
1584 1455 1783 1537 unde
1842 1460 2094 1540 ulcera
2155 1463 2236 1538 in
2295 1464 2457 1543 dies

527 1589 796 1666 altiora
881 1579 1152 1670 effecta
1189 1641 1215 1677 ‚
1290 1607 1608 1688 quorum
1686 1585 1765 1660 in
1838 1583 2293 1684 marginibus
2371 1612 2454 1665 ac

522 1705 758 1788 fundo
816 1708 1087 1814 pallida
1141 1732 1318 1785 caro
1378 1697 1684 1807 fungosa
1732 1706 2176 1786 luxuriabat.
2284 1712 2446 1788 Per-

528 1829 745 1938 genti
819 1831 1012 1907 malo
1062 1829 1497 1930 supervenit
1547 1827 1910 1908 febricula
1970 1830 2192 1910 lenta.
2247 1831 2444 1915 Qua-

527 1957 841 2060 propter
918 1951 1171 2050 multis
1239 1953 1432 2029 locis
1491 1947 1718 2026 incisa
1794 1950 2050 2026 ulcera
2124 1977 2289 2029 cum
2362 1955 2454 2032 ad

525 2068 905 2177 fungosam
967 2083 1260 2160 carnem
1329 2070 1841 2164 auferendam,
1889 2091 2044 2150 tum
2104 2075 2192 2153 ad
2248 2079 2449 2155 ulce-

523 2221 610 2302 ra
669 2195 897 2300 usque
965 2201 1056 2279 ad
1145 2198 1426 2315 digitos
1486 2195 1937 2304 pertinentia
2000 2199 2448 2300 amplianda3

525 2320 773 2425 neque
834 2305 1226 2429 quidquam
1296 2322 1388 2401 ad
1451 2318 1897 2398 sanationem
1964 2317 2446 2404 necefl'arium

520 2443 1010 2549 'neglectum-
1074 2446 1192 2526 At
1256 2464 1421 2525 cum
1478 2443 1592 2522 nil
1655 2440 2188 2544 proficeretur,
2268 2473 2443 2526 con-

520 2570 758 2648 filium
811 2595 1007 2675 aegro
1083 2570 1324 2650 datum
1362 2611 1390 2661 ,
1463 2568 1551 2648 ad
1608 2571 1801 2669 lares
1829 2624 1856 2661 ,
1926 2566 2055 2646 ubi
2122 2592 2438 2651 mortem

518 2704 569 2799 e
631 2695 908 2797 phthifi
932 2694 1515 2795 praestolaretur,
1556 2691 2021 2772 revertendi.
2126 2696 2440 2775 Domum

517 2806 756 2895 redux
849 2839 1042 2916 aeger
1096 2814 1246 2899 suo
1293 2819 1576 2905 ‚ulcera
1670 2813 1980 2916 reliquit
2054 2813 2211 2895 fato
2252 2875 2287 2912 ,
2355 2838 2437 2898 et

516 2933 756 3043 {ebris
821 2934 1117 3015 hectica
1180 2937 1449 3018 durans
1494 2963 1786 3042 *corpus
1843 2938 1923 3016 in
1976 2936 2141 3021 dies
2197 2945 2430 3046 magis

516 3061 985 3157 extenuabat.
1105 3060 1428 3141 Accitus
1490 3062 1778 3143 demum
1835 3088 2229 3145 RAULIN
2304 3094 2429 3169 pe-

516 3181 695 3271 dem·
727 3284 730 3287 Ι
767 3185 1142 3281 ulceribus
1197 3186 1477 3289 ubique
1543 3212 1736 3289 pene
1799 3189 2144 3290 pervium
2212 3212 2426 3294 repe-

513 3304 617 3411 rit
670 3363 696 3399 ‚
757 3325 848 3387 *et
927 3302 1077 3385 offa
1160 3331 1311 3387 non
1387 3335 1614 3413 pauca
1709 3313 1900 3392 nuda
1961 3332 2043 3393 et
2137 3313 2425 3407 arrosa,

513 3450 834 3532 caroque
919 3426 1318 3511 luxurians
1356 3453 1479 3513 ‚et
1539 3437 1826 3540 exiguae
1911 3422 2423 3535 indurationes

510 3552 787 3655 ubique
838 3557 1096 3655 praesto
1151 3552 1320 3637 effe
1357 3558 1827 3644 videbantur.
1959 3563 2152 3655 Qui?
2205 3563 2419 3640 ambo

509 3670 745 3779 igitur
798 3701 941 3776 qua
991 3675 1198 3758 ferro
1258 3706 1403 3783 qua
1450 3673 1800 3766 remediis
1861 3705 2086 3774 caute,
2118 3682 2416 3778 ’aufere-

506 3792 818 3893 bantur3
873 3794 1020 3882 offa
1085 3805 1348 3904 partim
1417 3826 1553 3908 per
1600 3806 2196 3913 suppurationem
2252 3833 2412 3911 par-

507 3916 640 3994 tim
690 3918 869 3997 artis
916 3925 1374 4014 adminiculis
1429 3928 1999 4021 exfoliabantus.
2105 3937 2405 4019 Interne
