2752 4673
549 526 690 624 385
907 524 1321 594 msromffi
1363 514 1634 584 murus
1678 514 2076 579 merrom
2264 511 2504 602 §.76.

552 799 610 836 ,‚
660 735 924 818 Gelida
962 731 1159 813 enim
1209 752 1445 833 aqua,
1496 725 1603 804 ait
1658 750 1738 804 G.
1786 741 2280 802 swrssreN
2340 714 2521 818 (i),

558 923 612 959 ‚,
660 887 760 942 ex
809 853 1178 963 profundo
1241 871 1473 955 puteo
1536 849 1618 927 in
1682 849 1940 952 primis
2017 846 2282 922 hausta
2335 901 2372 934 ,
2438 846 2523 921 in

558 1044 616 1081 „
668 984 1166 1089 pavimentum
1222 996 1304 1056 et
1349 975 1441 1054 ad
1509 974 1837 1076 parietes
1886 964 2281 1071 respersa,
2338 991 2525 1068 gra-

561 1166 616 1203 „
666 1129 819 1185 tum
868 1121 949 1181 et
982 1120 1220 1183 tutum
1287 1098 1482 1179 aeris
1549 1091 2026 1196 refrigerium
2094 1090 2520 1169 conciliat.

594 1236 871 1335 ‚Cum
909 1245 1154 1306 autem
1212 1220 1358 1299 sale
1432 1220 1715 1300 marino
1737 1272 1762 1307 ‚
1809 1211 2275 1293 ammoniaco
2294 1269 2328 1302 ‚
2407 1214 2516 1289 ni-

562 1408 620 1454 „
673 1377 838 1446 tro,
890 1374 1088 1453 aquae
1139 1344 1408 1425 additis
1481 1367 1620 1445 pro
1676 1338 1920 1416 lubitu
1998 1331 2166 1411 fere
2244 1330 2516 1437 frigus

564 1535 626 1577 „
677 1501 877 1581 aquae
924 1493 1200 1574 augere
1255 1463 1599 1570 possimus
1640 1460 1816 1561 (illi
1865 1459 2045 1539 sales
2092 1458 2310 1536 enim
2369 1461 2509 1537 illo

567 1662 624 1698 „
662 1621 1060 1701 tempore,
1112 1619 1262 1697 quo
1336 1587 1723 1668 solvuntur
1792 1586 1874 1664 in
1950 1609 2178 1685 aqua,
2243 1579 2506 1689 frigus

567 1783 624 1818 „
677 1717 1001 1811 faciunt,
1050 1718 1168 1798 uti
1220 1740 1317 1796 ex
1388 1711 1744 1790 chemicis
1797 1703 2242 1802 constat)‚-
2293 1724 2508 1808 patet

566 1903 626 1943 „
678 1848 984 1926 nimium
1091 1840 1414 1920 calorem
1499 1835 1693 1913 aeris
1788 1829 2313 1936 pulcherrime
2409 1828 2498 1904 fic

570 2027 626 2065 ,‚
678 1967 1078 2071 temperari
1132 1957 1335 2066 posse
1353 2015 1433 2050 „.
1534 1956 1867 2035 Eundem
1893 1953 2111 2031 etiam
2145 1951 2235 2029 in
2271 1952 2487 2032 finem

570 2091 866 2171 utiliter
927 2084 1371 2167 adhibentur
1445 2080 1955 2157 exhalationes
2029 2078 2424 2179 plantarum
2431 2105 2466 2170 ,·

573 2239 737 2294 uam
824 2211 965 2309 (k)
1048 2267 1101 2302 ,‚
1154 2203 1678 2287 demonstravit
1754 2199 2284 2279 accuratiffimis
2333 2221 2435 2273 ex-

572 2399 628 2434 „
684 2332 1119 2442 perimentis
1191 2332 1352 2411 Cel.
1408 2353 1727 2409 nAtEs
1783 2317 1962 2421 (l),
2031 2324 2316 2427 plantas
2355 2321 2456 2399 ‘m-

577 2523 632 2562 ‚,
686 2460 1119 2542 credibilem
1164 2449 1362 2560 aquae
1403 2452 1690 2556 copiam
1756 2442 2144 2540 absorbere
2222 2466 2303 2525 et
2367 2472 2481 2525 ex-

580 2647 633 2686 „
690 2588 966 2692 spirare
1021 2584 1350 2662 iterum:
1442 2575 1799 2678 optimum
1867 2596 2053 2674 ergo
2121 2573 2276 2649 erit
2346 2575 2508 2656 hoc¹

579 2775 635 2809 „
685 2708 1004 2794 artificio
1041 2728 1294 2807 aquam
1350 2726 1488 2804 per
1538 2721 1781 2775 aerem
1821 2694 2280 2797 dispergere,
2323 2697 2499 2774 dum

577 2893 643 2932 ,,,
686 2864 764 2915 v.
834 2859 910 2934 g.
979 2819 1253 2907 absciffi
1319 2822 1559 2904 salicis
1621 2821 1799 2899 rami
1882 2842 2113 2895 arenae
2183 2820 2500 2897 madidae

576 3012 641 3051 „2
684 2958 1237 3052 immerguntur.
1347 2949 1531 3027 Sunt
1585 2962 1937 3049 przeterea
1995 2945 2254 3043 plautae
2330 2968 2503 3025 non

578 3135 633 3173 ‚,
689 3078 940 3164 nullae‚
1004 3098 1166 3175 quae.
1213 3096 1358 3149 una
1417 3096 1581 3148 cum
1644 3095 1827 3172 aqua
1859 3161 1862 3166 ⁵
1893 3069 2238 3146 exhalant
2298 3096 2499 3148 ama-

565 3191 649 3298 ’,,,,
691 3201 921 3280 bilem
1004 3191 1471 3297 fragrantiam
1539 3218 1683 3270 una
1741 3215 1904 3268 cum
1981 3211 2194 3293 grato
2269 3163 2505 3269 refri'-

582 3385 653 3421 ,,,,
685 3324 902 3428 gerio
961 3343 985 3398 ε
1076 3316 1414 3398 florentis
1463 3305 1470 3310 ’
1523 3314 1835 3395 sambuci
1916 3313 2204 3391 arboris
2300 3316 2504 3390 rami

585 3510 638 3545 ,‚
692 3449 867 3529 huic
912 3442 1072 3522 usui
1134 3444 1635 3546 pulcherrime
1690 3431 2147 3533 conducuht3
2215 3460 2501 3515 verum

666 3771 697 3849 (
741 3768 810 3849 ἐ)
849 3774 892 3834 1.
927 3795 982 3837 c.
1027 3771 1101 3833 ad
1143 3744 1362 3854 §.7605
1412 3778 1524 3838 No
1559 3786 1626 3842 Ω.

568 3945 573 3950 1
671 3869 806 3951 (k)
852 3869 1099 3933 Ibidem:

666 3963 795 4045 (l)
840 3964 1161 4048 vegetable
1200 3963 1450 4028 Staticks
1491 3963 1569 4030 C.
1623 3981 1680 4032 Ι.
1768 3977 1774 3986 “
