2752 4673
624 571 759 647 192
950 549 1361 616 msromffi
1405 549 1672 614 16111113
1718 543 2114 623 necnon:
2289 551 2488 641 §·41·

831 787 900 841 2.
959 759 1239 834 Vermes
1289 757 1780 834 ventriculum
1839 753 2285 855 infidentes3
2366 761 2508 861 qui

623 908 788 963 cum
839 879 1096 983 sponte
1135 881 1403 958 oborto
1447 878 1736 957 vomitu
1773 874 1946 953 inde
1980 874 2204 970 ejeffi
2261 879 2503 959 1166ὶί-

623 1030 722 1083 cae
766 1000 959 1079 febri
1002 998 1220 1079 finem
1261 1000 1642 1079 attulerint
1714 994 1883 1096 (c),
1938 1026 2033 1080 eo
2088 1004 2364 1081 certius
2419 1005 2507 1090 id

622 1123 855 1232 ipsum
925 1123 1402 1204 emeticorum
1479 1123 1919 1203 adminiculo
2001 1122 2347 1229 consequi
2412 1125 2506 1202 li-

621 1249 843 1330 cebit.
1363 1235 1376 1242 ’
1724 1235 1735 1246 ’

825 1353 897 1472 ἐ.
959 1369 1301 1448 Colluvies
1353 1362 1712 1448 bumorum
1762 1389 2155 1472 pravorum
2215 1369 2292 1446 in
2353 1370 2506 1472 pri-

618 1491 758 1573 mis
802 1491 997 1587 viis,
1065 1491 1461 1595 praesertim
1525 1494 1686 1595 post
1730 1496 2023 1610 morbos
2079 1487 2505 1594 praegrefl'os

493 1663 502 1676 ·
617 1618 894 1696 ibidem
962 1615 1319 1695 restitans.
1476 1611 1672 1694 Hino
1769 1639 1855 1696 M.
1928 1640 1973 1694 E
1993 1641 2041 1691 τ
2062 1640 2111 1690 1·
2132 1640 2192 1693 M
2217 1623 2264 1691 u·
2283 1643 2323 1694 L
2349 1644 2389 1694 L
2414 1642 2456 1693 E
2475 1666 2504 1681 -

618 1763 795 1826 Rus
871 1741 1020 1831 (d)
1092 1795 1148 1831 „
1197 1737 1251 1813 fi
1310 1734 1508 1816 vitio
1575 1739 1923 1817 stomachi
1982 1736 2205 1831 (ait)
2264 1739 2505 1817 oritur

618 1916 673 1955 „
724 1857 1064 1952 heffica,
1132 1861 1489 1940 convenit
1529 1879 1699 1938 ante
1741 1861 1984 1939 omnia
2028 1859 2509 1940 vomitorium

621 2040 676 2077 ,‚
731 1983 1068 2062 blandum
1140 1981 1527 2058 instituere
1540 2037 1580 2072 -‚
1666 1983 1721 2060 fi
1786 1982 1992 2061 vires
2048 1983 2279 2066 adhuc
2346 1982 2509 2062 sunt

620 2161 674 2201 „
727 2104 1013 2189 validae.
1139 2101 1615 2202 Audiendum
1686 2106 1829 2186 hic-
1874 2108 1979 2183 est
2047 2129 2503 2189 LINDANl

621 2286 677 2324 ‚,
729 2229 1149 2322 confilium,
1204 2227 1370 2334 dum
1403 2227 1699 2330 inquitz,
1738 2227 1817 2322 in
1849 2229 2229 2307 curatione
2268 2225 2515 2306 hecti-²
2556 2329 2557 2332 Ν

622 2409 676 2450 ,,
732 2376 831 2433 cae
906 2353 1142 2431 statim
1190 2353 1278 2441 ad
1345 2353 1576 2455 partis
1654 2348 1935 2451 affefiiae
2004 2351 2535 2453 cognitionem,

618 2534 672 2574 „
726 2476 1150 2569 incumbere
1211 2493 1515 2578 oportet
1541 2530 1567 2567 ,
1620 2458 1760 2583 qua
1830 2478 2127 2580 cognita
2194 2456 2341 2579 ego
2408 2473 2508 2567 fa-

620 2662 674 2700 „
728 2604 943 2682 cilius
1001 2595 1366 2680 hetsticam
1428 2625 1639 2701 quam
1700 2620 2115 2702 quartanam
2195 2601 2507 2697 curab03

584 2782 676 2822 ‚‚‚
731 2726 1071 2831 oriuntur
1118 2720 1312 2799 enim
1351 2722 1783 2826 plerumque
1835 2750 1931 2802 ex
1997 2724 2191 2804 vitio
2254 2725 2506 2802 stoma-

621 2902 676 2943 „
730 2845 879 2925 chi.
987 2843 1109 2920 Sic
1165 2845 1503 2945 (inquit)
1556 2845 1810 2925 curavi
1860 2872 2009 2926 uno
2056 2846 2505 2937 vomitorio,

622 3029 677 3066 „
728 2989 808 3047 et
840 2969 1014 3046 hinc
1060 2988 1222 3043 cum
1273 2966 1497 3045 elixir
1547 2964 2024 3071 proprietatis
2048 3029 2074 3062 ,
2145 2969 2507 3069 heSticam

621 3149 678 3188 „
727 3094 920 3171 intra
977 3114 1024 3185 4
1080 3087 1237 3177 dies
1287 3143 1340 3180 ,‚
1363 3143 1383 3166 .
1490 3089 1577 3173 In
1631 3091 1931 3181 eandem
1998 3092 2292 3197 prorsus
2338 3093 2503 3173 ‚sen-

625 3215 929 3297 tentiam
969 3239 1034 3291 F.
1069 3206 1312 3290 Hor?
1338 3236 1397 3290 M
1423 3238 1754 3295 ANNUS
1789 3212 1900 3313 (e)
1939 3217 2162 3310 abiit,
2207 3218 2503 3305 dicens:

618 3394 672 3435 ‚,
724 3337 1009 3443 qnando
1048 3361 1144 3414 ex
1188 3360 1415 3439 prava
1457 3338 1866 3440 digestione
1911 3359 1991 3418 et
2040 3340 2212 3419 inde
2270 3339 2505 3444 enatis

618 3489 672 3559 ‚·,
727 3461 968 3541 crudis
992 3485 1073 3560 gc
1093 3460 1316 3539 lentis
1344 3458 1733 3562 primarum
1760 3461 2042 3542 viarum
2084 3460 2316 3542 succis
2345 3464 2503 3566 post

1909 3570 1985 3679 „⁸
2015 3588 2313 3685 morbos

702 3878 835 3967 (c)
878 3886 1030 3952 Vide
1072 3880 1134 3964 §0
1179 3892 1261 3964 38
1311 3878 1425 3962 ἁ).

705 3972 835 4063 (ἃ)
879 3981 1115 4061 Colleg.
1160 3980 1431 4058 prastffl.
1480 4002 1536 4046 c,
1569 4004 1632 4061 p.
1686 3993 1828 4056 314.

712 4075 841 4163 (e)
888 4082 1056 4148 Med,
1092 4097 1203 4145 rat.
1235 4081 1371 4165 syst.
1405 4082 1546 4152 lsc.
1584 4104 1763 4152 curat.
1794 4085 1851 4165 §0
1893 4104 1950 4156 1.
