2752 4673
331 374 515 477 μς,
893 374 896 377 “
1045 346 1519 475 nansi,
1704 388 1853 429 ··
2158 392 2238 469 η

323 590 388 677 s„
444 601 828 665 tremarum
891 586 1229 688 -partium
1292 581 1730 691 frigefaffio
1796 582 1986 665 fafila
2070 590 2177 669 est
2202 647 2232 685 ,

271 722 282 731 “
321 735 387 802 ’,,
445 734 682 816 neque
736 711 981 791 veluti
1027 711 1343 815 quaedam
1426 710 1848 789 dormitatio
1881 767 1910 803 ,
1994 736 2235 819 neque

275 836 282 843 ’
326 865 385 925 2,
439 835 678 938 aliqua
722 836 1038 939 infignis
1087 834 1447 938 pigritia,
1506 854 1672 913 aut
1693 836 1999 914 omnino
2073 840 2233 918 ime-

181 938 192 948 )
265 966 270 971 ’
318 1012 379 1049 ,,
430 961 742 1062 qualitas
811 962 1054 1062 aliqua
1148 958 1281 1036 vel
1350 957 1467 1033 in
1511 958 1876 1038 caliditate
1961 962 2095 1077 vel
2159 962 2239 1042 in

255 1098 264 1113 ³
329 1137 388 1174 ‚,
442 1081 655 1186 pulsu
690 1143 719 1178 ‚
800 1085 1037 1162 adhuc
1095 1099 1352 1160 autem
1432 1079 1662 1181 magis
1759 1104 2000 1186 neque
2079 1106 2245 1188 par-

313 1265 377 1301 „
429 1210 640 1288 vitas
721 1231 962 1311 neque
1047 1205 1386 1284 debilitas
1451 1226 1696 1305 neque
1756 1205 2025 1286 horum
2100 1211 2232 1289 ali-

262 1352 268 1361 *
312 1330 375 1425 ,3
429 1333 618 1435 quid
673 1331 909 1429 aliud3
965 1327 1086 1406 sed
1141 1326 1742 1433 quemadmodum
1810 1350 1893 1409 et
1924 1328 2232 1413 'cuicun-

265 1472 274 1479 ·
314 1466 377 1546 ,‚'
421 1480 576 1558 que
636 1454 854 1533 alter-i
895 1446 1015 1530 ex
1073 1452 1244 1531 cibo
1305 1451 1533 1548 major
1587 1450 1830 1528 statim
1894 1478 1977 1532 ac
2022 1459 2231 1536 velo-

322 1633 384 1671 „
434 1578 610 1656 cior
683 1576 929 1680 pulsus
1003 1572 1325 1655 efficitur
1380 1569 1413 1673 )
1463 1600 1566 1655 .’·.
1630 1627 1656 1652 .
1759 1573 2226 1662 Manifestius
2317 1568 2325 1574 ’

311 1744 375 1791 “,,
427 1720 671 1780 autem
726 1694 849 1779 die
884 1699 1224 1804 sequenti
1262 1690 1427 1775 haec.
1468 1694 1703 1774 febris
1763 1696 2224 1801 agnoscetur,

255 1838 280 1845 ”
324 1877 382 1915 ,,
430 1823 488 1898 fi
580 1823 1032 1924 diligentius
1100 1819 1736 1899 observaverimus
1758 1878 1787 1913 ‚
1849 1822 2229 1929 quousque

277 1942 375 2036 ’,,
430 1947 594 2047 post
693 1938 1117 2046 affumptum
1188 1942 1437 2022 cibum
1523 1945 1653 2021 ins
1683 1945 2054 2026 caliditate
2150 1977 2236 2030 ac

316 2122 371 2160 ‚,
422 2067 746 2168 pulfibus
800 2068 1139 2146 alteratio
1198 2063 1393 2145 facia
1442 2069 1958 2170 perduraverit
1976 2085 2002 2136 :
2064 2097 2226 2153 nam

312 2244 371 2281 ‚‚
423 2214 878 2294 quaecunque
971 2189 1405 2293 conspectui
1478 2191 1672 2272 'sunt
1754 2194 1982 2274 obvia
2026 2252 2053 2285 ,
2132 2222 2230 2276 eo

255 2365 258 2368 ι
321 2368 371 2406 „
418 2311 652 2416 usque
722 2311 1121 2394 manifeste
1152 2315 1457 2395 alterata
1524 2302 1979 2421 apparebunt
1998 2377 2023 2411 ,
2097 2322 2221 2399 do-

329 2488 394 2525 „
430 2460 561 2514 nec
633 2460 731 2515 ex
785 2436 956 2514 cibo
1010 2438 1325 2539 digestio
1379 2456 1599 2538 atque
1637 2443 2000 2540 appofitio
2062 2467 2225 2548 cor-

335 2609 392 2646 „
440 2557 536 2635 dis
594 2558 992 2639 siccitatem
1057 2556 1645 2657 humectaverit3
1713 2563 2064 2666 deinceps
2140 2564 2229 2641 ad

327 2735 381 2773 ‚,
427 2683 801 2783 pristinum
870 2683 1200 2762 habitum
1275 2701 1811 2784 revertentur,
1880 2687 1964 2764 in
2028 2711 2226 2790 qu0‚

293 2859 368 2896 4,
420 2825 806 2913 antequam
849 2807 1055 2885 cibus
1097 2799 1615 2918 affumeretur‚'
1669 2807 2211 2911 conspicieban-

231 2957 242 2972 ·
314 2983 368 3022 „
418 2950 567 3011 tur.
675 2932 757 3009 Si
809 2931 1043 3032 igitur
1131 2930 1281 3010 alio
1335 2932 1416 3008 in
1492 2930 1863 3034 tempore
1897 2934 2066 3013 cibo
2112 2959 2226 3013 re-

233 3079 242 3088 ’
316 3107 368 3142 ,,
419 3050 701 3133 seceris
742 3080 837 3136 eo
871 3113 897 3148 ,
980 3056 1112 3161 qui
1172 3054 1539 3159 sequitur,
1613 3057 1735 3136 die
1761 3116 1789 3149 ,
1851 3085 1934 3137 ac
1981 3057 2227 3139 rursus

316 3231 367 3268 ‚‚
421 3178 545 3256 die
599 3177 937 3284 sequenti
990 3180 1068 3259 in
1129 3197 1467 3281 tempore
1520 3183 1799 3284 pariter
1866 3172 2161 3263 diverso
2186 3240 2217 3275 ,

317 3353 372 3391 ,‚
424 3302 628 3404 quod
667 3303 824 3401 ajo,
901 3302 1072 3385 fieri
1144 3303 1437 3382 videbis
1452 3360 1479 3397 ,
1549 3307 1989 3386 caliditatem
2032 3305 2221 3391 scili-

317 3477 371 3514 „
424 3446 548 3505 cet
610 3449 707 3504 ex
760 3429 928 3507 cibo
999 3421 1370 3506 adauCtam
1394 3483 1421 3517 ,
1471 3427 1717 3527 pulsus
1785 3449 2027 3508 autem
2075 3485 2097 3509 .
2129 3487 2152 3508 .
2194 3486 2218 3511 .

316 3597 372 3633 „
427 3546 781 3627 alteratos
827 3607 881 3643 ‚,
959 3578 984 3630 :
1088 3551 1689 3653 quemadmodum
1757 3552 1839 3628 in
1890 3551 2220 3648 Romano

323 3662 605 3759 juvene
691 3694 1034 3750 AMArr
1094 3668 1260 3771 (l),
1335 3676 1560 3768 vidua
1646 3700 2217 3757 FERnrNAN-

343 3842 2215 3893 Ἢ

406 3932 526 4017 (l)
566 3935 733 4005 Vide·
763 3934 964 4011 histor,
1011 3952 1074 4012 Ι,
1162 3952 1168 3964 “
