2752 4673
539 512 700 593 334
851 494 1274 563 msa-omn:
1314 485 2024 557 ffinmsmc‘ncffi
2206 474 2480 565 §262-

534 738 596 806 ·‚,·
646 706 956 790 ticulum
995 703 1077 781 in
1133 698 1434 779 brachio
1491 694 1804 776 excitari
1852 687 2027 792 juffi
2063 717 2088 769 :
2160 688 2486 792 quib-us

541 893 597 931 ,‚
650 828 997 912 remediis
1039 828 1121 903 in
1156 844 1435 903 tautum
1472 821 1852 899 restitutus
1897 816 2046 904 est,
2096 831 2183 891 ut
2240 835 2484 888 nunc

545 1017 601 1053 „
651 952 908 1053 majori
954 948 1332 1028 alacritate
1365 965 1448 1023 et
1501 970 1668 1025 cum
1711 941 1991 1022 virium
2034 936 2489 1015 constantia

543 1139 600 1176 „
650 1106 699 1159 e
747 1073 1389 1178 suggestu-dicat„
1414 1124 1441 1148 .
1543 1070 1697 1146 Prae
1741 1063 1998 1167 primis
2037 1080 2296 1139 autem
2348 1059 2486 1136 ul-

545 1228 797 1283 cerum
873 1194 1232 1281 excitatio
1287 1194 1395 1271 est
1442 1183 1836 1269 neceffaria
1871 1243 1899 1280 ,
1974 1186 2106 1264 ubi
2176 1182 2486 1263 absces-

542 1327 662 1409 sus
737 1323 956 1404 claufi
1030 1320 1127 1398 ob
1204 1316 1676 1394 continentes
1753 1309 2053 1391 dolores
2132 1309 2485 1387 acerbos

531 1475 630 1531 ac
683 1444 928 1527 forsan
984 1443 1298 1581 aliq4uam
1347 1437 1571 1517 etiam
1615 1435 1824 1539 puris
1871 1431 2475 1535 resorptionem,

543 1571 812 1654 febrim
873 1562 1240 1645 heclicam
1295 1563 1627 1655 excitant
1649 1614 1677 1651 ,
1741 1582 1899 1661 quae
1957 1555 2113 1633 illis
2164 1555 2472 1656 apertis

549 1963 609 2021 N
632 1965 661 2016 1
717 1935 869 2033 (z)
918 1938 1186 2014 mulier
1236 1935 1329 2014 ad
1375 1958 1477 2033 50
1529 1956 1758 2013 annos
1807 1947 1974 2007 nata
2021 1952 2120 2006 ex
2170 1928 2447 2006 inflam-

507 2092 508 2097 ‘
548 2058 874 2138 matione
957 2056 1448 2139 musculorum
1527 2054 1962 2133 lumbarium
2008 2107 2051 2144 ,
2140 2075 2426 2154 eamque

547 2178 1035 2287 subsequente
1087 2173 1402 2259 abscefl'u
1425 2236 1454 2272 ,
1543 2175 1789 2259 atroci·
1845 2173 2133 2253 biennii
2187 2171 2410 2253 dolore.

549 2310 678 2389 diu
705 2303 1083 2409 nod‘tuque
1109 2301 1470 2407 fatigante
1507 2298 1936 2382 vexabatur.
2039 2298 2270 2378 Unde
2297 2318 2424 2379 tau-

550 2434 714 2512 dem
749 2431 830 2509 in
859 2425 1146 2508 febrem
1170 2484 1202 2518 ,
1245 2425 1424 2504 dein
1462 2427 1700 2503 tabem
1733 2425 1824 2508 ad
1859 2417 2185 2501 marasmi
2217 2423 2441 2529 usque

548 2556 850 2661 gradum
881 2549 1146 2636 incidit
1181 2574 1345 2652 cum
1407 2546 1866 2627 intolerabili
1930 2546 2048 2623 fiti
2081 2602 2107 2637 ,
2188 2572 2449 2626 auore-

550 2678 675 2756 xia
710 2733 744 2778 ,,
802 2675 1213 2777 langvore,
1294 2670 1586 2774 vigiliis
1618 2727 1644 2760 ‚
1726 2669 1878 2746 fine
1951 2670 2127 2747 ullis
2204 2686 2452 2748 tamen

527 2796 987 2904 'pulmonalis
1022 2792 1408 2897 phthiseos
1440 2792 1785 2883 indiciis,
1838 2793 2029 2875 adeo
2065 2811 2149 2871 ut
2188 2792 2454 2872 misera

548 2907 755 3002 lecto
818 2919 1290 3020 continenter
1346 2912 1559 3014 affixa
1585 2972 1611 3007 ,
1685 2917 1883 3019 quali
1933 2940 2168 3018 ocyus
2224 2917 2452 2994 mori-

553 3061 720 3124 tura
760 3098 788 3134 ,
891 3040 1305 3119 horrendos
1357 3039 1556 3117 inter
1597 3039 1941 3135 ejulatus
2012 3040 2141 3117 diu
2209 3043 2448 3118 vitam

437 3156 452 3165 ’
551 3163 894 3252 traxerit,
987 3162 1107 3243 Ob
1148 3162 1307 3242 rem
1347 3164 1546 3243 domi
1587 3183 1880 3262 tenuem
1934 3187 2164 3265 opera
2216 3161 2450 3238 medi-

552 3279 626 3369 ci
665 3288 1005 3368 destituta
1020 3346 1048 3382 ,
1100 3293 1506 3392 renumque
1550 3288 1905 3365 calculum
1953 3279 2228 3365 subeffe
2261 3304 2447 3376 rata,

551 3414 782 3493 variis
814 3411 1386 3517 lithontripticis
1425 3411 1943 3490 commendatis
2000 3405 2263 3491 frustra
2321 3408 2447 3490 uffa

513 3539 697 3617 est:
751 3538 986 3620 donec
1030 3561 1092 3616 M
1122 3564 1170 3617 o
1191 3565 1240 3618 R
1262 3564 1375 3618 ro
1410 3562 1467 3619 N
1529 3534 1880 3618 accedens
1932 3537 2301 3616 observati
2364 3534 2447 3611 in

646 3906 773 3993 (z)
816 3912 862 3980 l.
897 3932 949 3979 e.
992 3914 1066 3986 L.
1104 3927 1162 3984 Ι.
1195 3911 1274 3982 (Ζ.
1320 3928 1383 3996 5.
1427 3910 1625 4014 histor:
