2752 4673
574 383 666 459 14
917 373 1332 447 HISTORIAE
1379 381 1649 455 FEBRIS
1693 390 2085 458 HECTICAE:
2290 397 2348 478 δ,
2394 414 2461 486 5.

571 602 917 661 'rscnrr
1016 579 1205 683 (b),
1271 618 1354 671 ac
1426 594 1684 679 helluo
1765 591 2201 686 vocatu
2277 599 2468 704 (i),

508 757 515 762 -
574 697 884 786 sensere.
2429 810 2438 820 .

979 825 1076 926 4)
1152 837 1579 922 Exardescit
1676 873 1866 928 vero
1933 875 2077 930 una
2134 854 2467 933 alterave

561 953 725 1058 post
788 937 1145 1054 sumptum
1204 958 1450 1040 cibum
1535 968 1719 1049 hora
1753 970 1761 979 ’
1797 998 1961 1053 cum
2027 973 2237 1077 pulsu
2298 1000 2462 1077 per-

567 1078 749 1155 inde·
795 1071 994 1152 facto
1061 1097 1139 1157 et
1204 1084 1477 1180 majore
1539 1112 1618 1171 et
1664 1097 2095 1191 velociore,
2154 1118 2228 1178 at
2282 1100 2457 1178 citra

564 1200 785 1277 ullam
824 1201 1191 1299 ‘praeviam'
1242 1206 1912 1309 horripilationem.
1953 1201 1959 1206 ’
2016 1219 2304 1325 Atque·
2347 1225 2460 1304 ist-

467 1377 479 1432 ·.
566 1315 715 1400 hoc
785 1322 1015 1424 ipsum
1066 1327 1188 1406 est
1250 1330 1566 1428 hecticae
1643 1335 1875 1426 febris
1953 1347 2463 1450 pathognomi-

494 1519 499 1524 ,
534 1519 537 1522 .
567 1473 733 1527 cum
795 1452 1193 1533 indicium.·
1271 1457 1570 1537 Etenim
1613 1517 1668 1556 „
1701 1464 2122 1560 «maximum,
2170 1472 2273 1549 ait
2305 1499 2357 1550 G
2378 1499 2464 1552 A·

566 1638 623 1675 ‚,
678 1602 990 1659 LENUS
1064 1573 1236 1680 (k),
1282 1636 1306 1661 .
1347 1637 1370 1661 .
1399 1638 1422 1661 .
1469 1583 1646 1663 ,tibi
1690 1605 1911 1691 atque
1979 1588 2464 1676 indubitatum

569 1757 627 1797 ‚,
680 1704 827 1782 hoc
880 1703 1027 1781 erit
1081 1705 1238 1818 ejus
1301 1724 1589 1786 naturae*
1635 1707 2026 1805 indicium,
2104 1714 2159 1792 fi
2216 1717 2463 1798 cibum

559 1882 615 1919 ,‚
668 1826 953 1903 homini
1046 1830 1408 1908 obtuleris
1476 1856 1570 1909 eo
1644 1853 1977 1939 tempore
2030 1894 2058 1929 ,
2119 1866 2268 1943 quo
2320 1867 2462 1921 ma-

562 2003 617 2041 „
670 1950 867 2027 xime
921 1974 1172 2029 omnes
1242 1952 1461 2031 horas
1524 1952 1889 2058 suspectas
1947 1958 2463 2065 subterfugisse

552 2128 610 2165 „
663 2074 1004 2173 videtur3
1059 2075 1294 2153 statim
1362 2077 1562 2154 enim
1632 2082 1815 2158 hora
1890 2105 2036 2159 una
2111 2101 2234 2158 aut
2290 2085 2460 2176 dua-

500 2243 509 2250 -
559 2252 614 2289 „
665 2196 799 2275 bus
869 2200 1029 2300 post
1090 2217 1467 2301 acceptum
1544 2204 1785 2281 cibum
1809 2245 1848 2295 ,·
1897 2204 2318 2306 quicunqve
2369 2228 2453 2278 ae-

468 2387 480 2395 .
555 2376 614 2417 „
668 2323 1082 2424 grotantem
1106 2322 1499 2426 tetigerint
1521 2378 1547 2416 ,
1596 2326 1896 2405 alteram
1946 2323 2176 2405 febris
2223 2323 2453 2406 acces-

386 2466 397 2475 “
558 2501 616 2539 ,,
666 2445 937 2524 fionem
1029 2441 1262 2559 adeffe
1332 2448 1848 2552 OPinabuntur.
1894 2507 1917 2531 .
1965 2507 1988 2530 .
2090 2447 2457 2545 Omnibus

559 2623 617 2662 ‚,
668 2570 1017 2672 fiquidem
1104 2570 1423 2652 hecticis
1492 2570 1827 2656 febribus
1881 2575 2031 2655 hoc
2075 2574 2462 2678 proprium

558 2743 614 2781 „
673 2692 752 2767 et
793 2690 1268 2790 inseparabile
1306 2695 1503 2772 adest
1550 2695 1906 2773 indicium
1932 2751 1958 2787 ,
2022 2700 2244 2776 allato
2288 2698 2460 2776 cibo

558 2866 614 2904 ‚,
668 2811 963 2914 quidem
1015 2811 1458 2907 caliditatem
1506 2816 1853 2903 accendi,
1918 2842 2001 2894 ac
2042 2818 2325 2920 pulsum
2370 2819 2461 2929 ad

401 2944 437 3012 .’
555 2989 614 3031 ‚‚
668 2933 1238 3041 magnitudinem
1292 2937 1397 3015 'ac
1441 2933 1941 3016 ‘velocitatem
1994 2941 2294 3043 augeri,
2353 2943 2481 3053 ita,

557 3112 614 3151 ‚‚
672 3075 758 3135 ut
810 3050 1308 3160 ¹incompreffa
1378 3061 1804 3166 annotatio
1831 3059 2025 3141 faeta
2091 3064 2455 3145 videatur.

380 3188 384 3195 “
470 3228 473 3233 -
561 3234 620 3274 ,,
673 3176 948 3279 (Voco
995 3201 1236 3277 autem
1284 3183 1829 3261 annotationem
1879 3183 2449 3288 incompreffam,
2550 3239 2554 3244 -

561 3358 617 3397 ‚,
666 3300 750 3378 in
818 3329 959 3407 qua
1018 3330 1260 3410 neque
1321 3308 1594 3386 horror
1672 3305 1939 3410 aliquis
2011 3334 2254 3414 neque
2318 3334 2444 3392 ex-
