2752 4673
543 533 690 620 284
900 486 1313 599 maroam
1356 526 1628 595 maius
1669 528 2068 596 utonem
2243 526 2308 615 ς.
2330 543 2445 625 ςς.

537 796 589 832 ,,
641 739 868 816 multa
914 761 1011 818 eo
1077 737 1273 815 circa
1337 735 1584 816 salutis
1641 733 2195 849 exspefilatione
2251 736 2450 815 disti-

538 918 595 955 „
648 858 899 941 nebat.
1004 861 1277 938 Praeter
1315 861 1748 938 evacuantia
1796 855 1960 937 fere
2013 882 2307 936 omnem
2366 861 2451 937 in

540 1040 593 1075 ,‚
647 982 874 1062 acidis
936 981 1131 1084 spem
1186 1006 1337 1060 non
1399 979 1618 1061 irrito
1678 999 1951 1059 conatu
2014 981 2449 1085 posueram.

533 1162 587 1198 „
640 1129 893 1208 aquam
969 1104 1180 1184 acido
1262 1106 1602 1185 minerali
1666 1132 1751 1185 ac
1809 1102 2084 1206 syrupo
2171 1090 2453 1187 mistam

535 1286 589 1322 „
641 1251 778 1329 pro
850 1225 1121 1307 affiduo
1208 1246 1397 1332 potu
1460 1255 1542 1308 ac
1614 1227 2098 1306 medicamine
2159 1228 2445 1309 habuit.

543 1410 597 1466 ,ἕ
651 1351 895 1430 Evafit
935 1353 1220 1429 tandem
1249 1408 1275 1441 ‚
1354 1376 1515 1451 quae
1571 1354 1835 1429 acerbe
1886 1362 2380 1452 aegrotaverat
2411 1408 2443 1446 2

534 1533 588 1568 ‚,
643 1492 861 1576 atque
917 1471 1168 1554 senfim
1226 1469 1838 1552 reconvalescens
1890 1491 1969 1551 et
2023 1494 2316 1550 omnem
2363 1474 2447 1550 ad

533 1658 588 1697 ,‚
639 1596 1006 1680 hefflcam
1049 1596 1592 1699 dispositionem
1623 1618 1703 1673 et
1736 1596 1940 1673 uteri
1969 1595 2246 1689 fluxum
2280 1625 2443 1702 per-

530 1779 585 1815 „
641 1721 853 1801 didit.
958 1718 1212 1797 Rediit
1259 1717 1557 1822 quidem
1612 1721 1775 1822 post
1822 1720 2109 1822 aliquot
2160 1723 2440 1802 menses

530 1902 585 1936 „
639 1847 924 1922 demum
966 1841 1204 1920 fluxus
1240 1841 1375 1919 iste
1441 1843 1683 1934 uteri,
1737 1840 1858 1923 sed
1933 1847 2135 1925 albus
2177 1905 2202 1939 ,
2283 1871 2438 1950 par-

529 2024 585 2060 „
637 1967 856 2055 cior‚'
901 1966 1139 2043 minus
1193 1990 1384 2042 acer.
1449 1965 1961 2047 concluseram
2011 1970 2265 2073 itaque
2344 1994 2440 2050 ex

530 2146 586 2182 ,‚
641 2089 734 2167 iis
755 2145 781 2178 ‚
830 2081 1045 2165 fuifl'e
1087 2085 1166 2163 in
1225 2086 1598 2164 acidorum
1631 2088 1760 2167 usu
1818 2090 1977 2169 vim
2031 2091 2433 2194 quamdam,

529 2269 583 2306 „
620 2210 792 2316 ”quae
864 2212 1251 2290 humorum
1331 2211 1887 2311 corruptionem
1973 2213 2437 2316 corrigeret,

530 2393 584 2428 ,‚
637 2335 958 2438 indeque
993 2328 1367 2412 hecticum
1429 2333 1764 2436 abigeret
1829 2335 2174 2417 calorem.
2295 2338 2437 2416 Al-

530 2514 582 2549 „
634 2479 800 2536 tera
850 2479 1042 2563 nunc
1116 2451 1352 2532 adfuit
1417 2474 1744 2534 matrona
1810 2475 2064 2558 tenera
2098 2515 2125 2550 ‚
2216 2484 2432 2563 quam

528 2638 583 2685 ,‚
638 2581 875 2658 fluxus
943 2578 1142 2657 uteri
1193 2576 1500 2655 decolor
1555 2573 2073 2681 copiofiffimus
2108 2636 2134 2671 ,
2218 2583 2431 2659 maci-

529 2758 585 2793 „
641 2701 868 2780 lentia
892 2756 915 2789 ,
981 2699 1183 2776 calor
1239 2699 1529 2800 quidam
1576 2700 1918 2782 hefficus
1957 2759 1985 2795 ‚
2068 2701 2431 2784 labiorum

528 2872 583 2914 ,‚
615 2820 916 2898 -ficcitas
973 2839 1559 2923 perpetuumque
1616 2823 1987 2926 sangvinis
2053 2848 2150 2901 ex
2215 2843 2432 2904 utero
2546 2871 2549 2873 -

527 3003 582 3039 ‚‚
611 2942 1089 3021 stillicidium
1155 2940 1280 3019 diu
1353 2943 1808 3024 vitiaverant
1858 3002 1884 3037 ‚
1981 2964 2202 3047 atque
2276 2969 2426 3025 non

431 3073 435 3082 ’
524 3123 580 3158 ,,
629 3064 1279 3167 pridemabortum
1326 3065 1636 3146 alterum
1671 3059 2002 3169 perpeffa-
2051 3062 2295 3146 fuerat
2324 3120 2426 3147 ..-

526 3244 581 3279 ‚‚
635 3186 903 3264 Oleum
950 3187 1199 3290 itaque
1242 3189 1534 3268 vitrioli
1581 3214 1744 3267 cum
1789 3212 1972 3290 aqua
2009 3207 2089 3267 et
2143 3185 2418 3291 syrupo

523 3367 577 3401 ‚,
631 3335 766 3411 per
828 3313 1129 3411 longum
1182 3327 1466 3411 tempus
1526 3311 1884 3410 exhibui3
1965 3311 2206 3392 addidi
2269 3332 2418 3388 non

521 3474 589 3536 „j
629 3456 991 3535 nunquam
1075 3435 1462 3513 -elixirium
1533 3433 1830 3518 ¹vitrioli
1921 3458 2180 3526 MrNs
2205 3459 2425 3514 ren-

521 3551 582 3645 ,‘,³
630 3581 729 3632 TI
755 3583 809 3632 A
836 3580 1068 3636 NUM.
1124 3583 1128 3596 ‘¹
1172 3557 1696 3637 Minuebantur
1752 3554 2000 3636 senfim
2028 3553 2223 3635 dieta
2251 3578 2420 3633 mox

500 3730 576 3765 a,
632 3675 1152 3779 symptomata,
1205 3689 1425 3784 atque
1473 3705 1603 3771 ea,
1659 3703 1873 3782 quam
1924 3678 2012 3755 ad
2056 3674 2417 3768 hetsticam

518 3854 573 3893 υ
627 3800 881 3879 habuit
920 3860 946 3895 ,
1047 3802 1445 3912 dispositio.
1548 3790 1556 3800 ’
1601 3803 1940 3881 Matrona
1995 3799 2172 3901 *post
2266 3798 2413 3873 haec

517 3977 574 4014 2,
626 3922 933 4025 gravida
982 3920 1176 4006 faela
1228 3924 1333 4002 est
1354 3980 1384 4019 ,
1435 3920 1915 4036 feliciterque
1964 3918 2250 4031 partum
2307 3936 2411 3997 tu-
