2752 4673
329 512 540 598 §.22
1034 501 1362 598 PARS
1448 540 1504 604 1.
2134 547 2224 625 61

315 780 372 819 „
439 730 871 813 intermixto
921 735 1275 820 subrubro
1287 799 1317 843 ,
1396 737 1739 850 factaque
1796 746 2229 838 diffectione

259 874 266 879 ·
308 907 370 941 ,‚
432 858 849 956 complures
886 878 1034 949 tam
1058 864 1368 961 majores
1411 888 1623 969 quam
1666 871 1991 954 minores
2030 905 2229 960 mon-

294 1029 378 1066 .,‚‚
433 977 708 1056 strabat‘
752 983 1109 1062 cavitates
1135 1042 1161 1077 ,
1242 1013 1546 1089 quarum
1610 993 1900 1092 priores
1953 998 2228 1084 saniem

283 1142 355 1190 2„
434 1103 800 1200 putridam
876 1124 955 1182 et
1007 1103 1340 1189 foetidam
1358 1168 1391 1205 ,
1465 1116 1915 1215 posteriores
1978 1148 2224 1207 autem

207 1301 212 1306 ,
280 1276 346 1312 0,
412 1224 644 1322 paulo
714 1225 1121 1315 crafliorem
1216 1235 1679 1334 purulentam
1743 1247 2223 1331 continebant

273 1398 344 1435 9,
412 1349 819 1428 materiam.
947 1353 1214 1456 Ingens
1282 1382 1468 1463 ergo
1543 1360 1700 1441 haec
1755 1371 1990 1448 moles
2047 1398 2214 1453 cum

273 1514 342 1557 „
406 1489 553 1567 per
650 1490 874 1550 totam
961 1476 1036 1569 se
1117 1475 1192 1559 se
1276 1489 1719 1572 extenderet
1809 1495 2269 1579 abdominis·

279 1642 342 1680 „
409 1589 798 1672 cavitatem
818 1653 844 1686 ,
924 1590 1211 1704 reliqua
1269 1614 1517 1699 omni-a
1567 1617 1649 1693 in
1716 1618 1969 1696 eadem
2047 1644 2218 1696 con-

275 1764 344 1801 „
401 1728 607 1793 tenta
680 1717 965 1798 viscera
1016 1746 1062 1798 e
1120 1730 1435 1810 naturali
1496 1732 1617 1814 sua
1678 1758 2059 1821 emoverat
2109 1739 2216 1819 se-

197 1886 202 1889 -
280 1889 345 1927 ‚,
405 1835 497 1913 de
527 1893 551 1927 ‚
607 1840 1068 1947 infimulque
1130 1853 1534 1935 ventriculi
1571 1880 1651 1939 et
1703 1862 2216 1945 intestinorum
2292 1946 2295 1949 ,

295 2012 353 2046 ,,
411 1957 845 2042 diametrum
912 1991 1061 2047 non
1139 1971 1378 2054 solum
1443 1979 1907 2064 arctissimum
1973 1988 2214 2068 reddi

284 2136 358 2172 .‚,
415 2084 676 2177 derat,
725 2085 908 2166 sed
939 2093 1159 2173 etiam
1213 2127 1387 2185 cum
1440 2108 1701 2187 iisdem
1751 2127 1831 2187 et
1894 2096 2210 2215 reliquis

287 2254 353 2298 „
407 2207 820 2288 visceribus
847 2267 873 2302 ‚
947 2213 1277 2323 itemque
1323 2228 1597 2322 duabus
1658 2231 1943 2312 ultimis
1988 2236 2212 2314 costis

302 2381 348 2418 ,‚
397 2328 678 2434 spuriis
779 2352 858 2411 et
927 2338 1161 2419 tribus
1236 2345 1724 2434 inferioribus
1792 2357 2211 2446 lumborum

310 2503 351 2540 „
381 2455 776 2562 ‘vertebris
856 2484 1005 2558 ope
1083 2459 1494 2546 firmiorum
1553 2477 2016 2574 quarumdam
2095 2497 2207 2554 tu-

253 2641 258 2648 l
313 2621 359 2659 ,‚
393 2577 725 2654 nicarum
820 2581 1006 2659 adeo
1085 2602 1165 2662 et
1222 2584 1539 2672 firmiter
1609 2597 1985 2678 coaluerat
2020 2655 2053 2691 ,
2126 2619 2211 2680 ut

301 2741 351 2780 ³,
393 2700 781 2813 egerrime
897 2728 1051 2798 non
1145 2710 1279 2788 nifi
1379 2717 1466 2802 ab
1542 2719 1806 2799 iisdem
1888 2720 2208 2825 separari

285 2867 335 2906 s,
393 2824 741 2921 potuerit
810 2882 896 2919 „.
1126 2834 1400 2933 Eadem
1489 2843 1786 2956 prorsus
1912 2849 2204 2928 ratione

279 2961 371 3018 ex
460 2961 761 3036 tumore
875 2953 1375 3054 glandularum
1472 2968 1895 3056 mesenterii
1979 2995 2020 3048 B
2042 2995 2088 3050 υ
2111 2996 2201 3046 ιι-

275 3068 969 3170 cHARn1(s)‚
1024 3086 1864 3190 GEBAUER1(t)‚
1970 3120 2199 3173 THE-

355 3858 509 3948 (u)
558 3870 707 3934 Vide
752 3814 807 3949 §1
846 3821 1134 3961 53’1>)
1611 3984 1614 3987 .

272 4025 278 4038 .
352 3960 499 4048 (x)
543 3971 768 4037 Ibidem
805 3976 891 4060 a)

353 4064 388 4148 (
413 4071 506 4152 y)
551 4075 704 4144 Vide
745 4078 804 4164 ᾗ,
848 4088 935 4166 36
992 4083 1079 4178 e).
1790 4201 1791 4204 Ἴ
1890 4113 1900 4154 ι
