2752 4673
301 538 516 629 §.53
676 582 681 587 .
988 541 1033 603 Ρ
1077 544 1136 606 A
1176 542 1226 603 R
1271 541 1313 605 s
1357 548 1481 611 u.
2038 546 2214 634 315]

301 804 356 840 ,‚
405 749 652 827 balnei
706 728 1024 850 partium
1079 746 1281 825 usum
1338 749 1442 827 ita
1504 748 1923 828 moderatur
1978 811 2003 845 ‚
2042 828 2065 837 ,
2100 772 2189 832 ut

292 919 350 965 „
405 871 583 974 aeg-ri
626 872 705 947 in
755 872 1057 971 primam
1092 890 1375 975 partem
1419 872 1667 949 balnei
1699 871 2144 952 deducantur
2161 908 2206 967 ,’

295 1050 350 1086 ,,
406 1020 563 1097 quae
620 1016 899 1096 vapore
959 996 1206 1073 balnei
1245 993 1755 1075 *incalescebat
1776 1051 1804 1087 ,
1873 1014 1960 1074 ut
2018 998 2193 1098 pori

299 1173 355 1208 ,‚
408 1117 894 1218 aperiantur3-
952 1111 1219 1197 deinde
1268 1121 1444 1198 oleo
1509 1116 1706 1195 dulci
1763 1113 2051 1218 perfufi
2107 1119 2191 1195 in
2276 1138 2283 1141 ‘
2358 1188 2365 1197 .

300 1296 356 1331 ,,
411 1265 594 1341 aqua
638 1239 869 1317 calida
923 1240 1449 1345 immergantur
1504 1241 1596 1322 ad
1663 1242 1999 1342 corporis
2022 1307 2028 1311 .
2055 1243 2193 1319 hu«

300 1415 379 1453 ‚,-
412 1356 970 1461 mefflationem3
1023 1368 1186 1467 post
1242 1382 1554 1466 repente
1607 1363 1689 1441 in
1755 1356 2010 1465 aquam
2064 1361 2196 1443 fri-

302 1540 356 1577 „
381 1559 387 1565 .
408 1483 647 1596 gidajn
709 1482 1129 1580 injiciantur
1160 1545 1187 1578 ,
1271 1486 1664 1590 subitoque
1734 1486 2137 1565 educantur
2164 1545 2191 1579 ,

302 1662 358 1699 ,‚
411 1604 864 1683 exficcentur
890 1664 925 1698 ,
969 1609 1295 1711 oleoque
1335 1609 1784 1710 inungantur
1818 1662 1845 1699 ‚
1910 1628 2004 1686 -ut
2059 1636 2193 1712 po-

296 1784 352 1820 „
404 1727 511 1805 ris
568 1726 1024 1807 condensatis
1084 1731 1480 1811 humiditas
1523 1725 1824 1808 induEta
1876 1728 2197 1808 retinea-

300 1906 354 1942 „
404 1870 560 1937 tur.
620 1890 632 1915 κ
687 1850 804 1929 At
872 1846 1062 1931 vero
1119 1878 1284 1931 cum
1325 1854 1469 1950 jam
1533 1853 1663 1931 diu
1736 1850 2196 1932 obsoleverit

301 2026 356 2065 „
411 1975 536 2052 illa
577 1973 1051 2075 antiquorum
1093 1978 1174 2054 in
1216 1977 1646 2055 balneorum
1698 1973 1831 2052 usu
1882 1967 2196 2077 diligen-

295 2150 351 2187 „
406 2096 509 2173 tia
539 2152 565 2187 ,
620 2123 661 2173 a
715 2094 1070 2176 PraCticis
1116 2099 1340 2178 etiam
1372 2097 1642 2177 nostris
1693 2095 2197 2178 derelistawest

300 2276 353 2311 ,‚
407 2219 537 2297 illa
589 2215 1058 2297 heffiicorum
1125 2209 1697 2298 balneandorum
1757 2223 2194 2317 methodus,

303 2396 356 2431 ‚‚
408 2367 564 2445 quae
609 2367 747 2420 nec
793 2339 960 2420 satis
997 2359 1155 2420 tuta
1180 2342 1596 2441 judicatur3
1646 2336 2013 2445 siquidem
2046 2369 2195 2423 me-

304 2519 357 2554 „
412 2464 760 2541 tuendum
801 2461 1025 2560 effer„
1079 2490 1174 2544 ne
1228 2463 1517 2567 frigidae
1560 2463 1873 2543 occursu
1932 2491 2195 2569 repen-

253 2679 261 2686 ,
302 2642 355 2678 ,‚
412 2577 576 2666 tino
641 2612 910 2690 corpus
964 2589 1352 2667 laederetur
1368 2605 1394 2680 ,·
1473 2611 1813 2690 aegerque
1878 2585 2198 2667 subitum

308 2765 360 2799 ,‚
414 2710 938 2789 contrariarum
1032 2713 1461 2814 qualitatum
1536 2706 1916 2790 occursum
2002 2735 2199 2813 aegre

310 2888 364 2924 ‚‚
415 2831 673 2912 ferret.
777 2833 1195 2912 Consultius
1245 2833 1444 2911 enim
1485 2852 1577 2911 et·
1616 2834 2202 2935 compendiofius

305 3009 361 3045 ,‚
416 2956 502 3032 ab
546 2956 641 3033 iis
695 2953 968 3035 factum
1018 2958 1123 3037 est
1146 3014 1171 3049 ‚
1227 2956 1396 3033 dum
1451 2981 1685 3060 aegros
1730 2955 1813 3032 in
1861 2956 2222 3068 balneum

243 3107 250 3114 ’
308 3132 362 3168 ,,
417 3103 617 3180 aquae
655 3080 1028 3159 moderate
1066 3081 1312 3158 calidae
1366 3078 1775 3178 conjiciunt
1818 3100 2027 3154 mane
2078 3077 2202 3155 de-

309 3256 361 3291 „
417 3203 675 3302 pofitis
753 3202 1243 3287 excrementis
1299 3221 1557 3281 natura
1627 3198 1757 3278 vel
1824 3215 1984 3275 arte
2032 3257 2061 3292 ‚
2153 3225 2203 3276 2

314 3378 368 3415 „
422 3327 549 3403 vel
640 3351 683 3425 3
779 3325 990 3405 horis
1080 3326 1245 3426 post
1337 3320 1762 3427 affumptum
1836 3318 2206 3416 jusculum

319 3498 372 3534 ,‚
427 3448 558 3523 vel
613 3447 727 3526 lac
801 3448 933 3526 vel
995 3446 1310 3528 vitellos
1382 3467 1710 3526 ‘ovorum
1758 3470 1785 3538 3
1893 3441 1977 3520 in
2052 3467 2203 3544 quo

319 3623 375 3659 „
432 3587 574 3648 tam
658 3571 786 3649 diu
860 3592 1053 3670 aeger
1107 3566 1482 3648 immorari
1556 3566 1777 3645 debet
1827 3619 1855 3655 ,
1968 3563 2206 3643 donec

316 3748 372 3784 ,‚
423 3690 681 3794 sponte
721 3689 1042 3794 tepescat
1077 3746 1105 3782 ,
1191 3717 1275 3770 ac
1345 3690 1635 3769 tandem
1684 3681 2209 3788 refrigeretur.

317 3871 375 3912 ,*,
430 3819 615 3891 Cum
663 3815 862 3913 enim
927 3839 1053 3894 GA
1079 3838 1390 3896 manus
1468 3814 1804 3893 balneum
1854 3809 2210 3912 frigidum

319 3993 376 4030 ‚,
426 3940 589 4043 post
627 3937 937 4017 calidum
997 3939 1190 4033 adeo>
1255 3931 1732 4018 necefl'arium
1790 3928 2204 4025 censuerit,
