2752 4673
635 511 779 605 256
989 501 1402 572 msromAE
1444 495 1717 565 renuis
1757 495 2156 565 Hsscrtcffi
2333 495 2407 583 ἓ·
2430 508 2552 591 53.

1461 706 1511 802 5
1564 727 1690 807 53·

855 986 926 1041 2.
984 954 1432 1056 Resolventia
1471 950 1683 1033 stases
1736 952 2108 1032 lentorum
2146 951 2549 1035 humorum

643 1090 732 1168 ab
776 1086 1024 1166 atonia
1063 1081 1399 1187 yasorum
1425 1074 1806 1157 colle&as,
1910 1103 1978 1154 F.
2020 1103 2203 1157 Hor
2225 1103 2266 1156 1=
2294 1101 2361 1155 M
2389 1102 2545 1158 AN-

644 1234 702 1289 N
724 1236 770 1287 u
792 1234 829 1287 s
875 1200 1019 1302 (d)
1068 1203 1265 1283 hunc
1311 1205 1392 1283 in
1440 1200 1664 1281 finem
1718 1200 2171 1278 commendat
2220 1198 2544 1280 hesticis

644 1358 688 1408 a
767 1328 1003 1406 nimio
1078 1342 1315 1427 potu
1337 1325 1648 1403 redditis
1729 1378 1784 1415 „
1838 1322 2267 1401 cerevisiam
2343 1380 2366 1404 .
2442 1382 2466 1405 .
2522 1383 2545 1406 .

643 1511 697 1549 ,,
749 1451 1172 1530 medicatam
1239 1471 1378 1551 per
1442 1446 1710 1526 herbas
1777 1448 2052 1524 leniter
2103 1448 2540 1529 roborantes

642 1574 1157 1675 „balsamicas
1218 1569 1753 1652 consolidantes
1804 1592 1885 1649 et
1952 1567 2382 1672 sanguinem
2415 1599 2540 1674 pu-

645 1760 703 1797 „
758 1697 1131 1780 rificantes
1183 1745 1205 1776 .
1258 1749 1282 1776 .
1332 1750 1356 1774 .
1411 1690 1595 1797 saepe
1638 1695 1836 1774 enim
1898 1693 2254 1796 (inquit)
2304 1692 2523 1771 hecti-

642 1882 699 1921 „
750 1849 915 1904 cum
955 1823 1102 1899 hoc
1146 1818 1408 1894 malum
1462 1819 1542 1896 in
1577 1817 1954 1921 principio
2011 1844 2054 1894 a
2098 1811 2254 1895 sola
2295 1816 2535 1902 atonia

642 2001 699 2041 υ
750 1942 1072 2045 pendet,
1125 1937 1250 2015 sub
1304 1964 1444 2039 qua
1501 1957 1581 2015 et
1639 1936 2089 2019 secretiones
2158 1959 2240 2019 et
2289 1965 2541 2019 excre-

643 2117 702 2162 ,-
751 2067 997 2145 tiones
1046 2059 1196 2138 rite
1235 2056 1660 2136 ¹succedere
1724 2082 2101 2166 nequeunt
2163 2066 2538 2168 impurita-

645 2246 700 2283 ‚,
756 2207 910 2295 tum
940 2243 966 2276 ‚
1017 2182 1292 2285 largius
1341 2184 1430 2260 ab
1462 2183 1827 2282 ejusmodi
1878 2186 2146 2266 bibulis
2182 2188 2540 2268 heroibus
2590 2245 2613 2264 f.

641 2372 699 2412 „
752 2306 1254 2393 collectarum.
1357 2309 1458 2386 Et
1488 2301 1835 2409 profecto
1890 2330 2035 2411 ego
2090 2311 2338 2389 testari
2385 2311 2541 2415 pos-

641 2494 697 2535 „
749 2436 943 2528 sum,
996 2431 1196 2538 quod
1248 2428 1558 2512 decocta
1595 2431 1951 2527 ejusmodi
1987 2431 2398 2537 specierum
2449 2460 2543 2513 ex

642 2608 698 2657 9,
750 2587 934 2665 aqua
977 2558 1107 2638 vel
1137 2556 1492 2638 cerevifia
1516 2611 1543 2646 ,
1595 2554 1841 2634 addito
1884 2559 2320 2659 quandoque
2367 2561 2542 2638 mel-

537 2760 545 2767 i
643 2736 700 2780 „
752 2686 827 2762 le
848 2740 875 2775 ‚
926 2683 1007 2759 in
1057 2679 1433 2758 chronicis
1494 2675 1855 2774 ejusmodi
1904 2679 2127 2758 lentis
2205 2677 2541 2762 febribus

644 2863 701 2903 ‚‚
751 2802 1220 2909 praestiterint
1293 2801 1477 2878 mira
1533 2857 1558 2891 ‚
1668 2801 1722 2877 fi
1800 2802 2018 2880 modo
2094 2802 2542 2905 aliquamdiu

645 2985 701 3024 ,‚
755 2922 1177 3005 continuata
1202 2981 1227 3015 ,
1277 2923 1459 3028 quin
1495 2925 1723 3026 longe
1761 2925 2177 3027 plusquam
2214 2927 2543 3028 pretiosa

587 3048 593 3053 ’
640 3103 697 3144 ,,
748 3045 1095 3150 fingulari
1123 3065 1280 3124 arte
1305 3063 1386 3125 et
1411 3045 1665 3124 labore
1705 3041 2071 3125 confecta.
2124 3050 2269 3128 Sed
2295 3076 2537 3152 prom.

611 3202 696 3262 ·„
750 3188 936 3271 ptus·
958 3167 1257 3247 omnino
1283 3167 1457 3246 mali
1492 3167 1854 3260 recursuS,
1898 3170 2036 3248 'nifi
2070 3169 2330 3251 exa-sta
2358 3175 2535 3255 vitae

639 3348 694 3387 ‚,
749 3289 1147 3395 vistusque
1177 3291 1466 3369 ratione
1491 3311 1860 3383 arceatur,
1891 3310 1971 3370 et
2008 3292 2425 3373 viscerum
2406 3323 2531 3375 rm-

640 3474 703 3515 „
746 3402 1113 3557 becillitas
1138 3416 1435 3519 penitus
1461 3415 1968 3513 emendetur„.
1996 3416 2258 3519 Atque
2294 3419 2530 3501 hocce

1978 3541 2348 3621 remedio-

736 3900 873 3986 (d)
914 3906 962 3970 1.
1001 3923 1057 3971 c.
1091 3898 1318 3991 expieris.
1364 3901 1438 3965 ad
1471 3900 1620 3973 Obs.
1673 3920 1731 3976 Ι.

2686 3162 2689 3273 w
