2752 4673
567 479 711 557 324
923 466 1335 531 russorum:
1381 463 1652 527 rnnms
1693 461 2090 527 fluertem
2288 461 2509 555 §.55

565 727 621 764 ‚,
675 694 840 749 cum
891 672 1045 749 oris
1104 670 1467 762 ficcitate,
1522 667 1752 747 nmstu
1798 692 1983 745 vero
2044 664 2509 768 symptoma-

563 849 618 886 „
670 794 896 872 ticum
950 790 1132 893 saepe
1165 790 1497 871 sudorem
1521 851 1543 883 ‚
1598 794 1693 869 de
1734 790 1998 893 quibus
2020 787 2212 892 'freq
2225 814 2516 872 uenter

568 974 623 1009 „
700 914 1136 1017 conquestus
1170 910 1357 1005 fuit,
1434 935 1786 1017 expertus
1827 914 1957 992 est.
2062 916 2520 1015 squallebat

567 1100 626 1136 „
680 1067 829 1143 prae
863 1039 1201 1117 ariditate
1230 1033 1547 1116 inferius
1573 1039 1870 1125 labium,
1898 1045 1980 1113 u't
1997 1035 2295 1114 tunicas
2328 1039 2515 1116 inde

563 1222 618 1256 „
690 1164 1123 1266 frequenter
1238 1162 1666 1240 detraxerit.
1837 1160 2159 1260 Utrique
2252 1158 2513 1260 igitur

564 1345 621 1381 ‚‚
684 1309 827 1370 tam
901 1284 1205 1364 heEtico
1275 1311 1487 1387 quam
1552 1282 2212 1386 hypochondriaco
2308 1285 2515 1361 malo

565 1468 623 1504 ‚,
676 1430 761 1488 ut
833 1407 1216 1487 commode
1308 1405 1773 1497 subvenirem
1820 1460 1863 1489 ³
1940 1463 1963 1485 .
2038 1465 2061 1487 .
2138 1407 2501 1484 balneum

572 1589 630 1630 ,‚
690 1559 887 1637 aquae
980 1528 1214 1608 dulcis
1292 1525 1640 1628 proposui
1723 1534 1884 1605 cum
1973 1547 2236 1630 optato
2302 1587 2329 1609 .
2408 1589 2430 1611 .

570 1712 628 1750 ‚‚
688 1647 1027 1733 succeffu.
1132 1651 1591 1752 Quamquam
1658 1652 1855 1730 enim
1911 1670 2063 1728 tum
2131 1649 2490 1735 iun-laeto

571 1836 625 1871 „
674 1780 811 1858 vix
872 1776 947 1854 se
1004 1799 1312 1854 movere
1385 1792 1721 1876 poterat,
1775 1784 1866 1869 4⁰
1911 1772 2479 1875 post'loiionem

431 1932 444 1949 ⁸
566 1955 624 1992 „
677 1902 799 1979 die
855 1901 1130 1976 iterum
1184 1895 1378 1973 solus
1433 1888 1535 1972 in'
1561 1897 2020 1996 hypocausto
2074 1896 2480 1976 obambula-

572 2075 625 2111 „
681 2019 821 2097 vit.
925 2018 1058 2093 Me
1110 2041 1245 2117 per
1298 2016 1584 2118 aliquot
1667 2018 1824 2094 dies
1893 2018 2462 2099 absente.nesc1·0

438 2142 446 2150 ’
566 2196 622 2234 n
676 2141 880 2238 cujus
957 2136 1159 2218 svasu
1207 2196 1230 2220 .
1288 2194 1311 2218 .
1362 2195 1385 2217 .
1437 2165 1480 2214 a
1555 2140 1818 2218 balneo
1858 2120 2187 2221 'fastidio
2224 2164 2326 2221 ··et
2366 2139 2446 2216 sa-

567 2320 624 2360 „
679 2264 938 2343 tietate
982 2261 1376 2340 abalienari
1425 2264 1704 2365 coepit,
1750 2281 1829 2352 et
1874 2263 2190 2343 internis
2242 2265 2463 2376 {sitem

570 2449 625 2486 ,‚
677 2389 789 2467 uti
866 2385 1411 2466 medicamentis
1483 2386 1860 2488 deinceps*
1891 2387 2263 2470 decrevit.
2344 2386 2479 2469 Nn

573 2572 629 2606 „
682 2515 770 2592 ad
820 2531 1076 2592 votum
1115 2504 1260 2584 fuit
1302 2503 1675 2587 effectum.
1780 2506 2196 2610 Appetitus
2243 2511 2486 2590 redire

489 2641 495 2648 '
569 2690 625 2726 ‚‚
682 2632 981 2711 subinde
1053 2623 1356 2707 ceffavit
1391 2682 1415 2717 ,
1496 2627 1727 2708 somni
1792 2651 1943 2706 non
2025 2653 2340 2708 caruere
2398 2632 2487 2707 la-

578 2760 869 2854 „bore
913 2810 940 2843 ,
1013 2752 1452 2828 decumbere
1517 2752 1819 2851 gravius
1906 2751 2140 2853 coepit
2172 2808 2199 2842 ,
2279 2755 2489 2830 nullo

576 2899 636 2969 η’
684 2875 978 2977 posthac
1035 2875 1124 2949 ad
1184 2863 1706 2975 resurgendum
1775 2872 1959 2954 nisu.
2119 2873 2316 2952 Alvi
2364 2900 2492 2952 ex·

537 3053 634 3091 „‚
686 3015 888 3075 creta
939 2995 1244 3094 biliosa;
1288 2998 1520 3075 *urina
1572 2977 1928 3097 continuo
1978 3000 2242 3090 cruda,
2312 2996 2491 3075 cras-

515 3135 520 3146 ‘
575 3178 631 3216 ,‚
683 3121 791 3212 sa,
849 3108 1214 3197 interdum
1276 3120 1592 3197 albidior
1646 3117 1914 3223 absque
1957 3124 2156 3200 omni
2214 3118 2492 3200 tinstu-
2536 3172 2541 3177 ,

572 3299 630 3337 „
681 3268 761 3321 ra
822 3241 1252 3341 comparuit.
1358 3242 1481 3319 Sic
1533 3243 1878 3344 paulatim
1929 3244 2019 3321 ad
2075 3265 2492 3324 extremum

487 3371 488 3374 ‘
578 3421 636 3460 ,‚
687 3357 760 3441 se
816 3359 1226 3463 composuit
1294 3363 1488 3441 dieni
1531 3422 1551 3443 .
1602 3420 1628 3443 .
1683 3421 1706 3443 .
1814 3365 2237 3468 Abdomine
2277 3390 2484 3467 aper·
2563 3394 2568 3398 ·

428 3537 439 3546 ·
505 3505 510 3508 ’
571 3543 627 3585 ,‚
679 3507 762 3567 to
818 3486 973 3563 lien
1025 3485 1317 3586 prorsus
1372 3486 1728 3564 marcidus
1777 3483 1924 3564 fuit
1974 3493 2020 3580 ξ
2051 3512 2197 3584 xv3
2251 3491 2485 3591 hepar

581 3669 637 3707 „
687 3611 1050 3713 librarum·
1085 3609 1423 3689 civilium
1476 3612 1697 3690 trium
1754 3633 1915 3685 cum
1968 3608 2267 3691 dimidia
2312 3612 2481 3690 satis

573 3792 630 3829 ‚,
681 3732 955 3844 salvum
1057 3731 1303 3809 subtus
1392 3731 1633 3809 livido
1676 3736 1976 3810 ·colore
2068 3735 2480 3844 apparuitj

570 3915 628 3954 ‚,
677 3854 888 3937 fellis
961 3857 1279 3935 veficuia
1347 3853 1548 3946 omni
1607 3856 1976 3936 exinanita
2036 3855 2246 3935 bile
2291 3854 2477 3950 fuit,
