2752 4673
976 481 1481 553 PAR-811.
1635 530 1640 541 ,
1800 435 1813 451 ’
2026 497 2178 577 399

202 700 211 709 ’
268 696 492 777 unius
536 695 742 775 librae
810 691 1143 797 pondere
1213 715 1477 772 recens
1555 689 1951 775 emmam
2017 714 2184 777 cum

268 824 488 901 uncia
559 843 703 899 una
795 821 928 897 vel
1011 818 1241 927 altera
1311 817 1630 899 sacchari
1700 813 1833 901 fini
1918 823 2187 925 permi—
2219 856 2256 877 *-

271 952 460 1049 stum
530 930 1062 1046 elargiebamur
1105 995 1126 1021 .
1178 983 1202 1019 ι
1255 998 1280 1022 .
1360 940 1732 1025 Quatnor
1778 970 1995 1024 verov
2040 949 2187 1035 ela-

263 1072 409 1174 'pfis
461 1069 703 1146 horis
742 1093 784 1144 a
852 1062 1070 1143 ’latiis
1150 1085 1335 1167 potu
1396 1065 1719 1147 carnium
1782 1068 2188 1162 contusum,

272 1192 493 1270 modo
536 1219 608 1270 *a
692 1190 908 1270 nobis
993 1189 1231 1277 citato·
1310 1210 1640 1291 paratum
1681 1249 1710 1283 ,
1804 1193 2189 1285 dabamuS‚

274 1341 428 1395 non
504 1338 868 1417 nunquam·
940 1310 1206 1434 pisces·
1255 1311 1592 1415 petrosos
1676 1315 1913 1395 duleis
1987 1343 2189 1421 aquae

146 1524 155 1535 ,
271 1439 554 1542 optime
612 1459 903 1541 paratos
931 1496 958 1530 ,
1004 1437 1247 1518 veluti
1273 1436 1684 1534 jurulentas
1736 1465 1989 1518 carnes
2035 1466 2186 1520 non

269 1563 405 1639 nifi
465 1562 732 1664 optimi
815 1563 1249 1641 nutrimenti
1314 1579 1395 1638 et
1450 1556 1647 1639 succi
1695 1621 1723 1657 ,
1788 1586 1954 1638 cnm
2030 1565 2191 1665 qui-

267 1688 407 1765 bus
460 1684 644 1788 saepe
698 1683 1135 1761 testudinum
1205 1683 1689 1759 nemoralium
1745 1680 1874 1781 (c)
1912 1705 1989 1762 et
2026 1711 2192 1764 can-

212 1796 219 1801 *
271 1833 570 1886 erorum
633 1805 1108 1886 fluviatilium
1182 1805 1325 1898 (d)
1396 1807 1860 1907 pulpamenta
1922 1833 2192 1911 coque-

280 1933 543 2008 bantur
567 1987 588 2008 .
638 1985 662 2008 .
713 1985 738 2008 .
789 1927 1005 2030 super
1050 1952 1205 2030 quae
1239 1926 1688 2004 nutrimenta
1729 1931 2194 2029 pinosaccha-

266 2073 503 2131 ratum
600 2053 732 2131 vel
829 2050 1073 2128 martii
1162 2073 1391 2150 panes
1461 2050 1590 2127 vel
1669 2051 2196 2152 diacydoniten

278 2172 618 2252 saccharo
696 2192 775 2251 et
820 2174 1095 2276 absque
1145 2169 1528 2271 speciebus
1561 2170 1898 2271 'paratum
1949 2202 2190 2256 come-

283 2297 522 2393 debat.
568 2381 573 2382 γ
703 2295 819 2375 At
923 2294 969 2373 6
1065 2292 1524 2394 interpositis
1624 2296 1834 2373 horis
1923 2298 2197 2379 iterum

214 2441 218 2446 ·
279 2439 447 2493 eum
499 2418 588 2496 ad
659 2420 995 2497 balneum
1060 2418 1521 2497 trahebamus
1558 2445 1619 2513 3·
1662 2419 1835 2519 quia
1893 2446 1987 2500 eo
2051 2447 2193 2501 ma-

280 2538 479 2617 xime
546 2540 1106 2620 obleffiabatur:
1189 2568 1232 2618 a
1281 2567 1431 2644 quo
1493 2539 1831 2622 extratilo
1861 2600 1888 2635 ‚
1968 2569 2047 2624 et
2108 2568 2195 2626 ut
2272 2583 2336 2608 -0

271 2659 430 2737 dixi
513 2666 920 2764 gubernato
988 2666 1257 2746 iterum
1320 2667 1438 2744 illi
1501 2665 1741 2744 subito
1816 2670 1927 2747 lac
1987 2672 2191 2748 afini-

275 2808 446 2861 num
510 2786 866 2869 dabamus,
1004 2790 1146 2866 Cui
1193 2809 1408 2868 antea
1439 2809 1539 2867 ¹et
1591 2791 1841 2892 postea
1892 2811 2194 2895 quoque

279 2904 793 2989 confectiones
858 2913 1338 3000 restaurantes
1379 2911 1384 2918 ’
1424 2915 1585 3007 (e)
1647 2910 1881 2994 dissas
1929 2913 2197 2994 offere·-

194 3019 215 3060 ⁵
278 3028 526 3108 bamus
576 3032 607 3111 ’.
654 3087 684 3111 ..
739 3092 760 3114 .
815 3037 1156 3114 Pluribus
1215 3041 1451 3142 igitur
1502 3040 1761 3119 diebus
1793 3041 1891 3117 fic
1933 3037 2194 3120 Πειθα-

199 3215 205 3222 .
267 3165 389 3228 tus
452 3150 601 3230 sola
687 3158 1096 3238 hordeacea
1166 3186 1402 3262 pauco
1433 3188 1629 3248 ‚cum
1700 3164 1962 3266 julepo
2028 3166 2193 3243 vio-

269 3276 478 3372 laceo
524 3280 730 3358 mista
769 3307 950 3384 aqua
1010 3283 1119 3360 in»
1161 3304 1345 3384 potu
1403 3304 1826 3370 contentus(
1871 3288 2064 3366 bene
2112 3287 2192 3366 se

2155 3413 2164 3452 1

349 3721 479 3805 (fc)
527 3727 754 3792 Confer
796 3728 859 3812 §0
905 3733 987 3813 65
1038 3755 1099 3801 n.
1149 3754 1251 3802 10;

352 3824 485 3906 (d)
531 3832 762 3895 Ibidem
807 3859 869 3901 n.
921 3849 948 3896 1
998 3835 1087 3920 c).

352 3922 481 4009 (e)
533 3930 762 3996 Ibidem
807 3932 916 4017 e),
