2752 4673
357 544 419 634 §-
467 545 586 646 38.
809 655 810 658 w
1028 527 1098 625 Ῥ
1139 566 1198 626 A
1239 564 1290 625 R
1336 566 1409 629 3.
1458 571 1518 634 ι.
2106 586 2253 677 172,

358 761 794 864 quandoque
848 765 1150 846 fibilosa.
1201 824 1222 832 ,-
1249 769 1536 849 Idcirco
1589 770 1965 853 den-astus
2016 803 2244 879 porro

361 880 453 956 ad
497 884 543 975 ξ
612 907 713 959 xx
794 885 1079 990 sanguis
1144 915 1493 993 perquam
1534 892 1835 998 spifl'uS,
1913 902 2235 1008 postero-

358 1027 554 1103 que
578 1029 789 1084 mane
878 1011 1115 1089 datum
1196 1014 1588 1094 emeticum
1636 1074 1661 1108 ,
1733 1043 1815 1095 ac
1890 1022 2256 1129 deinceps>

339 1126 696 1204 exhibita
725 1129 1095 1212 balsamica
1131 1154 1210 1215 et
1241 1134 1670 1238 pastoralia.
1780 1141 1997 1220 Unde
2039 1145 2242 1225 tuffis

353 1248 657 1346 quidem
702 1277 783 1328 ac
835 1252 1181 1356 dyspnoea
1237 1260 1751 1362 mitigabatur,
1802 1288 1886 1341 ac
1935 1264 2238 1367 spiritus

343 1365 608 1458 minus
650 1375 931 1470 olebat3
1012 1401 1266 1453 verum
1336 1379 1605 1471 febris,
1661 1382 1870 1475 fitis,
1945 1387 2235 1489 aliaque

330 1491 779 1587 «perstabant.
884 1496 1121 1575 Die2
1077 1497 1209 1586 282
1254 1499 1438 1599 Maji
1519 1507 1858 1584 omnibus
1914 1506 2235 1611 sympto-

346 1610 658 1689 matibus
722 1617 1192 1715 gravioribus
1257 1619 1477 1699 fastis
1540 1626 1656 1701 bis
1710 1626 1981 1703 iterum
2040 1655 2234 1718 vena.

210 1777 217 1782 -
346 1732 503 1811 tusa
544 1760 958 1839 pungentes
1014 1744 1286 1820 lenivit
1338 1744 1690 1835 doloreS,
1748 1749 2025 1840 ceteris
2080 1775 2234 1831 non

345 1856 654 1951 levatis,
738 1862 1315 1967 vehementique
1380 1870 1674 1947 ,dolore
1745 1868 2233 1956 scrobiculum
2280 1967 2283 1970 Δ

346 1979 594 2058 cordis
652 1980 777 2059 sub
839 1983 999 2063 tussi
1050 1982 1460 2067 lacessente.
1599 1991 2036 2092 Continuata
2086 1995 2226 2097 igi-

341 2115 466 2175 tur
524 2099 986 2202 pecioralia,.
1022 2108 1515 2213 iteratumque
1581 2112 1969 2193 emeticmn
2009 2115 2228 2198 scilli-

311 2220 500 2299 ⁴tico
568 2221 859 2327 insuper
936 2251 1146 2307 aceto
1202 2252 1555 2314 acuatum.
1660 2235 1774 2313 At
1827 2236 2065 2314 minus
2134 2240 2229 2317 li-

336 2361 463 2421 cet
508 2338 806 2447 spiritus
872 2351 1113 2428 oleret
1144 2407 1169 2440 ,
1240 2378 1432 2455 aeger
1494 2356 1736 2433 nihilo
1803 2357 2035 2434 secius
2101 2360 2225 2437 de-

336 2467 575 2545 terior
641 2470 1099 2575 cli-nicusque
1172 2471 1412 2571 sacius
1480 2477 1804 2554 delirare
1898 2481 2222 2581 occepit.

333 2588 576 2694 εῙιιιιίἰι
605 2617 700 2668 επ
741 2593 1079 2696 copiosus
1132 2596 1459 2683 obortus,
1497 2599 1603 2675 est
1642 2595 1858 2675 sudor
1920 2601 2070 2679 fine
2117 2606 2224 2681 le-

173 2779 203 2793 ..
330 2716 650 2794 vamine.
701 2718 1060 2800 Postridie
1087 2718 1174 2796 ab
1194 2719 1383 2796 hora
1423 2722 1502 2800 6a
1536 2721 1626 2799 ad
1667 2742 1813 2818 qam
1838 2721 2066 2827 usque
2110 2725 2220 2802 in-

328 2835 532 2915 tensa
586 2837 783 2916 tuflis
829 2842 1077 2929 aderat
1113 2896 1141 2934 ,
1171 2898 1175 2920 1
1209 2839 1335 2919 sub
1393 2845 1597 2943 cujus
1640 2846 2211 2924 vehementiore

330 2961 643 3062 quodam
673 2962 944 3042 insultu
982 2965 1243 3064 rejecit
1283 2990 1479 3069 aeger
1515 2993 1601 3063 os
1634 2963 2120 3068 spongiosum,
2146 2995 2218 3045 a-

311 3081 687 3160 -vellanam
708 3109 1018 3187 aequa-nS,
1036 3109 1337 3167 cruenta
1365 3088 1673 3171 materia
1692 3087 2216 3190 obfitumlpess
2256 3123 2259 3127 ⁴

325 3201 644 3305 fimique
674 3202 996 3290 foetoris.
1117 3210 1282 3295 Hoc
1331 3211 1592 3293 elisum
1642 3212 1997 3290 continuo
2052 3210 2212 3301 sub·
2248 3220 2251 3221 ’

325 3320 650 3403 secutum
719 3329 824 3405 est
884 3354 1021 3431 pus
1088 3328 1612 3412 foetidissimum
1671 3334 2019 3435 sanguine
2104 3359 2218 3411 re-

319 3446 670 3540 mixtum,
719 3471 1069 3553 quantum
1118 3456 1465 3550 coement
1505 3481 1836 3556 magnum
1886 3474 2216 3554 caperet.

323 3566 629 3648 Abhinc
666 3595 855 3652 vero
890 3576 1131 3654 omnia
1172 3574 1647 3677 symptomata
1699 3600 1935 3678 ocyus
1985 3577 2204 3655 remi-

299 3689 519 3784 -sete,
572 3693 721 3775 sola
762 3697 1109 3775 stomachi
1160 3698 1541 3777 debilitate
1587 3720 1665 3778 et
1705 3700 1991 3803 aliquot
2047 3699 2197 3777 die-

316 3837 483 3892 rum
530 3814 790 3895 nausea
836 3845 879 3903 a
934 3819 1121 3896 cibis
1181 3819 1589 3923 superstite.
1638 3914 1645 3921 ἡ
1709 3822 2195 3926 Quapropter

309 3937 708 4025 emeticum
754 3939 1176 4037 exhibitum·
1215 3942 1348 4041 ubi
1373 3969 1514 4027 ano
1553 3964 1864 4048 catoque
1904 3944 2192 4027 vacuas-

1284 4116 1288 4129 ·
1662 4069 1751 4148 M
1802 4091 1852 4148 2
