2752 4673
602 534 749 625 233
882 478 901 500 ⁸
968 530 1388 595 msTomAE
1437 527 1714 593 PEBRIS
1755 527 2144 593 usscncffi
2311 528 2508 620 §.48

600 740 962 837 rant‘mm3
1017 738 1094 815 id
1144 762 1365 814 unum
1413 761 1588 837 pace
1631 732 2026 814 multorum
2073 730 2336 812 dixiffe
2417 741 2510 815 fi-

598 864 797 942 cebit
824 920 849 953 ‚
906 861 1171 939 dudum
1207 888 1291 936 ac
1312 857 1799 959 saepenumero
1819 859 1964 955 jam
2003 858 2301 958 explosa
2343 856 2508 938 effe

598 985 987 1066 ratiocinia
1032 1012 1072 1061 a
1128 983 1367 1084 priori
1438 985 1796 1086 appellata
1825 1040 1850 1074 ‚
1927 981 2508 1067 medicamento-

594 1136 755 1190 rum
792 1109 997 1187 vires
1026 1130 1152 1185 aut
1198 1101 1578 1184 afferentia
1626 1128 1750 1183 aut
1800 1105 2309 1207 repudianda,
2389 1106 2503 1185 so-

594 1236 850 1334 lasque
906 1233 1033 1309 hic
1102 1229 1359 1308 fideles
1422 1232 1781 1306 clarorum
1835 1229 2171 1305 virorum
2214 1252 2308 1304 ac
2375 1255 2496 1308 na-

592 1378 771 1434 turae
814 1353 1367 1433 observationes
1403 1348 1556 1428 ess'e
1605 1349 2100 1429 consulendas.
2203 1351 2488 1429 Harum

590 1478 870 1580 aliquas
903 1478 981 1554 in
1011 1477 1325 1555 medium
1360 1471 1698 1562 afferam,
1755 1497 1839 1549 ac
1871 1474 2139 1573 primas
2184 1474 2482 1574 quidem

591 1600 810 1703 ipfius
858 1624 924 1679 Ρ.
969 1623 1415 1676 Ροτειιιι.
1509 1648 1560 1689 ,,
1595 1595 1896 1673 Nobilis
1948 1594 2299 1697 religiosa
2335 1594 2370 1693 (
2391 1593 2477 1692 b)

587 1779 645 1814 ‚‚
697 1781 720 1803 .
779 1780 800 1800 .
853 1778 875 1800 .
933 1746 1027 1819 29
1075 1723 1376 1798 circiter
1444 1745 1671 1799 annos
1724 1738 1888 1796 nata
1937 1774 1962 1797 .
2012 1773 2034 1795 .
2090 1777 2115 1799 .
2183 1718 2464 1797 hec'lioe

585 1900 643 1939 ,‚
696 1843 905 1923 febre
954 1870 1118 1922 cum
1172 1845 1356 1921 ficca
1408 1839 1566 1922 tuffi
1623 1862 1704 1917 et
1769 1838 2176 1921 laffitud'me
2239 1842 2465 1920 totius

584 2026 641 2062 ‚‚
693 1968 1035 2069 corporis
1064 1967 1277 2045 valde
1303 1956 1634 2065 oppreffa
1670 1963 1981 2042 aliorum
2025 1963 2455 2043 medicorum

582 2148 640 2185 ,‚
692 2115 987 2193 operam
1034 2113 1079 2187 5
1142 2085 1423 2164 menses
1483 2087 1780 2187 penitus
1844 2086 2231 2167 deluserat.
2342 2084 2434 2162 ΠΗ

581 2272 635 2307 ,,
690 2237 823 2292 nos
896 2214 1345 2316 opitulantes
1400 2208 1806 2288 saccharum
1856 2208 2232 2290 rosaceum
2280 2208 2432 2288 anti-

524 2378 544 2390 ·
574 2371 632 2433 ‘„
686 2334 987 2419 hefkic'o
1024 2333 1281 2411 nost‘m
1307 2333 1691 2415 alteratum
1750 2335 1865 2414 bis
1930 2336 2009 2412 in
2081 2335 2205 2412 die
2265 2335 2451 2413 daba-

570 2489 629 2557 ⁸„
680 2485 863 2542 mus,
896 2479 929 2488 ‘'
969 2451 1261 2536 Vistus.
1286 2453 1432 2534 fuit
1472 2458 1735 2559 plenus
1790 2479 1869 2537 et
1915 2457 2255 2535 humidus
2306 2516 2331 2539 .
2377 2518 2398 2538 .
2436 2513 2459 2538 .

564 2602 628 2679 -’„
684 2591 943 2688 anue
989 2602 1200 2685 grato
1260 2581 1406 2657 hoc
1447 2583 1778 2660 remedio
1836 2584 1926 2660 ad
1976 2579 2287 2658 mensem
2354 2582 2461 2658 bis

562 2749 626 2800 ·‚‚
682 2710 757 2783 in
800 2707 922 2783 die
976 2708 1147 2782 dam
1188 2702 1480 2802 optime
1521 2707 1899 2784 convaluit
1918 2764 2016 2798 ,‚.
2071 2705 2296 2783 Alter
2326 2706 2461 2800 (c)

573 2827 903 2906 sacerdos
960 2849 1008 2900 e
1055 2828 1129 2902 S.
1176 2823 1261 2927 J.
1297 2846 1498 2914 erat,
1555 2847 1654 2932 27
1706 2852 2056 2906 annorum
2085 2886 2111 2919 ‚
2164 2826 2463 2908 hestica

568 2951 694 3027 diu
749 2947 1090 3022 detentus
1127 2964 1207 3023 et
1249 2945 1750 3053 consumptus,
1829 2952 1959 3054 qui
2024 2949 2286 3029 frustra
2361 2952 2462 3030 se-

566 3069 916 3172 squianno
957 3069 1184 3145 variis
1234 3066 1591 3171 usurpatis
1633 3075 1918 3152 tandem
1951 3074 2082 3152 usu
2129 3075 2463 3172 ejusdem

562 3185 999 3271 antiheffici
1052 3217 1219 3271 cum
1299 3192 1598 3273 rosaceo
1650 3194 1986 3275 saccharo
2046 3200 2460 3277 convaluit.

558 3314 868 3394 ·Tertius
906 3307 1060 3413 (d)
1106 3316 1425 3422 denique
1478 3317 1624 3398 fuit
1676 3320 2032 3423 Princeps
2083 3323 2459 3399 Romanus

583 3554 2415 3601 ·---··----—-—-—-—-—-—q---———-----—-—--

638 3708 765 3790 (b)
810 3714 847 3772 l.
882 3734 935 3777 c.
972 3720 1140 3783 Cent.
1199 3735 1252 3779 1.
1292 3720 1440 3800 Cap.
1480 3734 1587 3804 23.

634 3803 760 3889 (c)
805 3811 1035 3910 laidem
1074 3812 1245 3884 Cen't.
1284 3832 1343 3893 3.
1391 3819 1540 3901 Cap.
1571 3828 1688 3901 83.

633 3900 769 3986 (d)
811 3909 1039 3975 Ibidem
1063 3911 1202 4000 ,Cap
1269 3923 1378 3991 78.

2650 1004 2655 1075 4
