2752 4673
117 536 387 620 §.fa
599 617 608 623 q
714 577 717 581 Α
881 528 1215 594 PARS
1300 533 1385 595 11.
1744 553 1752 559 ·
1961 537 2097 619 251

129 744 325 821 lum
384 764 487 819 ex
542 736 885 841 aethiopis
932 736 1306 816 mineralis
1354 760 1471 842 gr.
1529 737 1666 837 viij
1721 756 1886 814 cum
1921 759 2099 817 con«

136 864 398 943 serva
470 861 793 941 rosarum
820 916 848 955 ,
915 862 1172 940 hausto
1252 860 1566 965 desuper
1631 859 1929 941 vasculo
1990 864 2100 943 in-
2145 917 2152 923 ,
2199 922 2213 933 .

139 984 311 1063 fufi
373 982 731 1065 fumariae.
834 987 1021 1062 Cum
1068 988 1159 1064 ab
1218 987 1342 1065 his
1384 984 1732 1065 remediis
1776 988 2098 1067 ulterior

141 1109 457 1187 macies
476 1108 823 1186 inhibita
844 1164 871 1200 ,
934 1126 1014 1188 et
1059 1131 1214 1186 non
1281 1111 1484 1216 nulla
1523 1110 1929 1189 tubercula
1985 1135 2101 1189 re-

142 1228 420 1308 soluta
491 1249 979 1309 cernerentur
996 1288 1025 1323 ,
1087 1232 1372 1336 aliquot
1433 1230 1829 1313 friffiones
1911 1238 1961 1319 ἒ
1988 1236 2103 1313 les

149 1352 533 1430 institutae
614 1350 778 1433 sunt
845 1380 942 1433 eo
1024 1376 1193 1431 cum
1266 1350 1630 1448 succeffu‚
1694 1373 1782 1434 ut
1857 1356 2104 1436 omnia

163 1476 579 1571 tubercula
610 1467 612 1469 ’
647 1475 901 1553 senfim
947 1474 1477 1559 evanescerent
1492 1536 1521 1571 ‚
1572 1501 1717 1557 nec
1775 1476 1912 1554 nifi
1953 1477 2105 1555 duo

154 1598 574 1692 castaneam
638 1622 896 1701 magna
954 1600 1121 1701 post
1180 1600 1366 1679 duos
1425 1630 1469 1679 a
1513 1600 1753 1702 prima
1811 1595 2104 1676 frictio-

158 1742 267 1797 ne
331 1719 615 1804 menses
655 1722 737 1800 in
793 1724 957 1801 'finu
1020 1717 1496 1825 supereffent.
1599 1719 1744 1798 His
1785 1718 2105 1821 proinde

180 1842 653 1943 emplastrum
734 1842 1103 1948 diapalmae
1156 1870 1324 1923 cum
1384 1842 1721 1946 pauxillo
1813 1845 1865 1925 ξ
1889 1842 1934 1904 ii
1972 1865 2104 1949 ex·

181 1962 431 2042 stincli
502 1992 643 2068 per
706 1968 994 2071 aliquot
1074 1970 1234 2049 dies
1296 1966 1714 2070 impofitum
1773 1964 1906 2044 illa
1949 1989 2103 2045 non

181 2089 420 2167 multo
486 2090 709 2168 etiam
767 2092 933 2193 post
986 2088 1331 2169 discuffit.
1458 2088 1931 2192 Appetentia
1976 2115 2103 2192 pe-

184 2211 551 2291 detentim
619 2215 1183 2305 revertebatur,
1247 2210 1685 2314 mensesque
1727 2200 1876 2308 jam
1918 2209 2096 2289 inde

186 2362 233 2413 a
265 2357 479 2438 partu
534 2334 886 2442 suppreffi
941 2336 1265 2416 ubertim
1324 2352 1853 2437 proruperunt.
1945 2335 2105 2411 Ma-

200 2462 353 2541 cies
416 2460 794 2542 manifeste
863 2446 1150 2552 abibat,
1218 2476 1312 2537 et.
1379 2475 1707 2534 matrona
1768 2450 1896 2532 sub
1970 2451 2104 2532 usu

196 2580 407 2663 latiis
461 2586 830 2693 probique
875 2581 1210 2666 alimenti
1263 2578 1585 2683 pristinae
1628 2576 1963 2659 restituta
1992 2576 2102 2656 est

203 2707 635 2792 valetudini.
