2752 4673
718 536 867 618 310
1035 525 1445 595 maroam:
1486 518 1756 587 FEBRIS
1798 516 2191 584 Ηεστιωε
2362 511 2403 592 5.
2426 511 2482 602 5&

720 780 777 825 ,,
826 729 1222 832 multiplici
1270 726 1968 805 medicamentorum
2023 722 2195 800 silva
2251 744 2482 822 praepara·

712 898 774 948 „-
822 874 976 931 tum
1007 908 1033 941 ‚
1084 850 1409 927 cardiaca
1451 870 1532 929 et
1576 850 2007 930 roborantia
2057 866 2134 925 et
2177 845 2484 944 chalybeata

670 988 681 1004 ⁰
718 1018 776 1071 ,9
829 975 1347 1073 medicamenta
1380 974 1824 1076 propinant:
1901 971 2166 1078 quibus
2209 993 2344 1045 cum
2370 965 2480 1042 nihil

719 1153 778 1193 ‚,
830 1094 1231 1199 proficeret
1256 1152 1281 1186 ‚
1331 1122 1450 1174 me
1500 1114 1795 1176 vocant.
1926 1095 2126 1175 Huic
2171 1116 2314 1169 cum
2362 1111 2479 1167 venae

712 1276 768 1314 „
826 1237 1214 1319 turgerent
1296 1220 1517 1322 nigro
1572 1217 1926 1320 sanguine
1979 1219 2205 1321 plenae
2232 1275 2254 1307 ‚
2338 1211 2479 1315 primo

712 1396 770 1433 υ
792 1370 799 1375 ·
823 1334 1144 1428 access'u,
1196 1364 1290 1417 ne
1328 1342 1727 1444 copiofiori
1770 1338 1973 1420 fasta
2022 1339 2395 1421 vacuatione
2421 1330 2473 1408 vi-

713 1520 769 1558 „
827 1487 947 1541 res
1007 1461 1400 1559 dejicerem
1421 1522 1448 1555 ,
1513 1465 1602 1541 ad
1650 1466 2038 1543 levandam
2080 1455 2472 1567 'plenitudinem

712 1644 772 1682 ‚‚
824 1586 1428 1664 melancholicam
1463 1585 1874 1664 hirudines
1940 1587 2255 1665 mariscis
2290 1576 2465 1679 affige}

709 1768 770 1806 υ
820 1712 943 1787 das
1000 1734 1207 1788 curo.
1311 1709 1468 1788 Hac
1531 1711 1973 1790 vacuatione
2025 1709 2347 1787 celebrata
2380 1718 2460 1776 cum

596 1926 601 1933 .
714 1889 772 1926 ω
826 1832 1071 1934 pulsus
1098 1887 1125 1922 ,
1172 1831 1304 1934 qui
1358 1851 1572 1910 antea
1625 1855 1783 1912 erat
1845 1836 2150 1937 pufillus
2174 1889 2197 1922 ,
2258 1821 2380 1907 effet
2402 1841 2460 1894 ro

717 2009 775 2046 ιι,
826 1953 1109 2028 bustim·
1146 1950 1384 2034 factus
1407 2009 1432 2043 ‚
1514 1972 1632 2030 ter
1684 1955 1995 2036 bafilicae
2044 1955 2368 2035 sefflonem
2395 1961 2451 2014 te·

714 2130 774 2167 „
828 2073 1225 2151 iterandam
1279 2072 1468 2171 juffi.
1589 2073 1804 2150 Tunc
1864 2078 2119 2177 pulsus
2175 2055 2440 2156 firmiores?

626 2300 631 2305 ,
711 2252 769 2290 2,
821 2192 1060 2274 faffls
1089 2252 1115 2285 ‚
1172 2219 1366 2297 aeger
1403 2197 1714 2277 alacrior
1748 2198 2123 2295 redditus,
2171 2219 2243 2279 et
2265 2175 2431 2273 dettfflo

712 2378 770 2414 2,
822 2318 1171 2424 sanguine
1215 2318 1623 2423 nigerrimo
1673 2376 1695 2400 .
1751 2377 1774 2399 .
1828 2379 1851 2401 .
1922 2323 2266 2406 recreatis
2294 2304 2448 2393 v‘nilmS

714 2499 773 2536 „
824 2471 866 2521 a
894 2442 1111 2522 'febri
1164 2443 1503 2523 immunis
1550 2445 1639 2522 ad
1692 2446 2070 2547 pristinam
2112 2437 2375 2525 redactus
2404 2418 2461 2498 est

709 2621 770 2659 ,,
820 2563 1193 2644 sanitatem
1252 2626 1305 2659 ‚,
1334 2623 1357 2648 .
1516 2572 1792 2648 Contra
1856 2597 2052 2651 vero
2137 2566 2334 2666 Belgae
2381 2566 2467 2627 ιο·

710 2711 769 2764 Τ
793 2713 821 2763 Ῑ
850 2714 892 2763 C
917 2716 969 2763 Η
993 2715 1025 2786 1
1050 2715 1078 2765 1
1130 2687 1268 2788 (⁰)
1305 2695 1431 2771 Vae
1477 2697 1566 2770 80
1611 2694 1804 2771 haud
1860 2696 1967 2775 ita
2007 2689 2306 2773 feliciter
2337 2665 2469 2755 ceffin

714 2807 932 2888 Haud
1002 2810 1201 2889 aliud
1255 2841 1320 2891 F.
1372 2807 2358 2917 HOFFMANN1(p)vir0
2395 2813 2471 2867 ma·

713 2928 996 3006 cilento
1028 2949 1108 3008 et
1151 2932 1534 3013 cholerico
1566 2958 1922 3016 evenerat
1971 2997 2024 3033 „
2065 2937 2183 3042 qui
2225 2953 2303 3010 ex
2337 2923 2473 3002 haere·

713 3102 777 3174 ”.
825 3048 1084 3167 ditaria
1144 3047 1444 3155 quadam
1494 3075 1573 3136 et
1629 3062 1875 3141 nativa
1925 3057 2346 3164 dispolitione
2383 3029 2473 3165 pul·

711 3224 768 3262 ’²
821 3194 1114 3296 monum
1152 3176 1396 3257 alebat
1441 3180 1757 3273 vitium,
1813 3212 1896 3263 ac
1942 3202 2271 3289 praeterea
2312 3166 2383 3284 ob
2414 3177 2471 3231 11¹·

711 3347 770 3384 υ
822 3294 1000 3373 mias
1032 3298 1576 3384 lucubrationes
1595 3364 1620 3399 ,
1674 3309 2045 3414 vitamque
2086 3298 2278 3398 nimis
2316 3281 2472 3366 seden-

709 3451 766 3512 ³³
820 3418 1074 3500 ‘asiam
1096 3480 1124 3516 5
1200 3425 1587 3530 variasque
1651 3432 1875 3510 animi
1948 3457 2041 3511 ex
2102 3427 2201 3507 ira
2256 3419 2470 3498 conlfflO·

738 3617 2451 3680 W

796 3772 923 3855 (ο)
968 3779 1121 3843 Vide
1166 3778 1228 3861 §0
1267 3801 1369 3863 44.

801 3887 930 3972 (p)
969 3892 1013 3962 l·
1049 3917 1108 3965 c.
1147 3897 1399 3968 Observ.
1441 3916 1507 3978 4.
