2752 4673
245 481 507 571 §0265
884 544 889 547 ,
979 484 1128 548 ΡΆ
1171 481 1224 544 R
1268 478 1310 546 S
1370 484 1450 547 71.
1561 500 1567 513 ·
1725 494 1732 497 ⁷
2087 493 2180 567 91

244 722 420 779 nos
479 697 833 799 languens
852 749 878 785 ‚
921 687 1045 770 sua
1079 709 1318 772 tamen
1362 683 1904 771 'obambu1ando
1949 684 2186 768 adhuc

255 843 700 924 procurans
741 875 768 909 ,
823 816 1026 899 letio
1086 816 1373 896 demum
1418 809 1765 914 affigitur.
1870 811 2188 891 Accitus

254 941 595 1022 Audior
669 943 1049 1022 hominem
1108 939 1396 1041 reperit
1462 938 1665 1014 lenta
1723 932 1934 1015 febre
1999 928 2186 1015 ema-

256 1069 567 1147 ciatum
629 1088 792 1146 cum
862 1063 1074 1168 pulsu
1134 1064 1372 1153 exili,
1455 1060 1623 1139 aestu
1688 1077 1948 1138 urente
1975 1120 2002 1154 ,
2078 1062 2188 1139 in-

256 1192 478 1296 figni
549 1192 742 1269 cutis
797 1217 843 1269 e
888 1189 1083 1269 flavo
1136 1184 1384 1266 lividae
1436 1184 1798 1275 ficcitate,
1858 1185 2184 1264 anxieta-

261 1334 351 1395 te
429 1315 1003 1418 praecordiorum
1046 1370 1070 1404 ,
1137 1311 1393 1412 lingua
1466 1310 1624 1388 alba
1695 1316 1925 1385 ‘muco
1981 1309 2191 1388 lento

266 1436 610 1531 obseffa,
674 1441 994 1542 alvoque
1049 1437 1531 1539 pertinaciter
1577 1426 1941 1510 adstricta.
2069 1434 2188 1509 Ex
2299 1414 2334 1423 *¹

263 1566 520 1669 longo
588 1564 733 1661 jam
782 1580 1141 1662 tempore*
1183 1571 1375 1662 fger
1431 1553 1765 1634 obtusum
1839 1550 2199 1633 sentiebat
2255 1578 2260 1583 ·

274 1712 427 1788 per
518 1687 730 1766 vices
807 1687 887 1763 in
957 1700 1227 1761 ventre
1315 1678 1704 1763 dolorem,
1774 1673 1851 1750 in
1930 1675 2197 1753 dextro

279 1814 730 1914 plerumque
777 1808 1225 1887 desinentem
1262 1804 1554 1889 latere„
1623 1792 1866 1877 'Pactu
1911 1797 2020 1874 nil
2061 1796 2197 1875 nifi
2269 1806 2277 1814 '

283 1934 529 2037 hepar
580 1930 1016 2025 stirrhosum
1065 1927 1433 2030 solitoque
1470 1924 1708 2017 minus
1751 1920 2041 2025 percipi
2080 1921 2194 2002 vi-

237 2075 244 2081 ·
284 2058 624 2136 debatur.
730 2054 1019 2134 Idcirco
1049 2072 1221 2161 ‘cum
1259 2053 1525 2131 malum
1558 2067 1715 2128 arte
1766 2047 1989 2145 majus
2035 2070 2192 2124 cre-

287 2184 596 2262 deretur
613 2238 638 2273 ,
691 2178 899 2257 diaeta
957 2175 1407 2255 solummodo
1483 2174 1839 2275 imperata
1864 2226 1890 2259 ,
1960 2192 2194 2246 reme-

290 2309 560 2411 diaque
639 2305 888 2383 alvum
950 2297 1469 2403 promoventia
1552 2295 1739 2372 data.
1883 2289 2192 2370 Abhinc

291 2430 445 2511 fato
504 2426 640 2517 suo
706 2421 1018 2530 reliE’tus
1088 2425 1318 2499 homo
1384 2414 1794 2496 noviffimis
1847 2429 1903 2514 7
1967 2412 2097 2488 vel
2148 2422 2194 2497 8

296 2557 465 2635 vitae
572 2552 834 2629 diebus
921 2545 1158 2646 coepit
1239 2545 1413 2622 alvo
1495 2538 1771 2617 fluente
1842 2532 2197 2635 infignem

276 2680 732 2758 nucleorum
803 2668 1216 2751 cerasorum
1295 2665 1581 2768 copiam
1615 2681 1736 2739 ex
1784 2654 2203 2735 intervallis

296 2802 435 2900 jam
495 2797 974 2879 brevioribus
1023 2792 1171 2891 jam
1243 2785 1713 2891 longioribus
1752 2842 1780 2877 ,
1835 2784 1982 2884 jam
2047 2780 2201 2857 fine

303 2929 455 3004 ullo
518 2924 664 3023 jam
723 2922 939 3025 gravi
1003 2912 1186 2997 cum*
1247 2911 1511 2992 dolore
1525 2968 1549 3002 ,
1618 2910 1831 2989 vario
1891 2927 2199 2985 numero

308 3069 639 3150 egerere.
742 3036 1099 3122 Examine
1135 3034 1335 3116 facio
1389 3034 1721 3115 constitit-
1734 3090 1762 3125 ,
1819 3055 2008 3111 anno
2051 3052 2203 3131 quo

317 3169 658 3254 decubuit
675 3224 701 3260 ‚
753 3192 922 3245 eum
972 3164 1168 3244 haud
1204 3162 1409 3238 ultra
1444 3180 1543 3256 50
1584 3154 1823 3235 cerasa
1870 3171 2030 3233 tota
2073 3151 2203 3228 illa

319 3277 542 3371 aestate
618 3280 1065 3383 comediffe3
1136 3284 1486 3388 liquidem
1558 3300 1754 3357 uxor
1837 3291 2206 3379 perpetuo

322 3417 445 3556 ipfi
492 3410 810 3494 assistens
866 3412 957 3490 ad
1005 3408 1347 3487 summum
1411 3428 1509 3497 24
1574 3399 1817 3481 cerasa
1863 3424 2006 3500 pro
2060 3418 2209 3476 una

326 3540 494 3627 vice
553 3537 798 3617 eidem
862 3527 1365 3621 concefl'erat‚
1436 3547 1575 3603 nec
1639 3517 1933 3603 aliunde
1997 3519 2211 3619 plura

329 3660 694 3755 obtinuit·
674 3715 704 3755 ‚
781 3652 1039 3758 egeflit
1086 3675 1277 3733 vero
1343 3646 1652 3726 nucleos
1708 3664 1950 3745 prope
1995 3662 2210 3733 400·

331 3808 498 3885 quos
531 3778 847 3881 proinde
907 3805 950 3855 a
997 3774 1454 3879 praecedente
1509 3769 1744 3849 adhuc
1790 3786 1980 3859 anno
2045 3755 2211 3850 fere

334 3929 449 4038 per
487 3923 581 4004 15
613 3901 943 4002 menses
924 3926 1004 3994 ln
1034 3897 1400 3988 intestinis
1426 3885 1806 3988 delituisse
1846 3879 2213 3994 oportuit

2217 4109 2220 4116 ι

2449 4139 2470 4146 μ

2127 4203 2128 4206 ¹
2513 4175 2546 4194 ἰ

2107 4307 2112 4318 r

2105 4327 2112 4338 1

2103 4343 2112 4350 «ι
