2752 4673
502 551 664 620 200
850 546 1257 612 msTomAE
1303 541 1575 609 Fennis
1619 538 2009 605 flEchcAE
2145 482 2385 633 543·

514 810 571 849 ‚‚
625 750 837 831 &ic-„e
881 747 1159 849 species
1232 742 1433 846 (ait)
1487 746 1800 825 infantes
1850 742 1978 820 diu
2023 742 2400 852 affligens»,

518 934 575 971 ‚,
628 900 771 977 qua
809 867 1131 951 infestati
1172 873 1323 949 fine
1370 871 1634 974 infigni
1676 868 1923 971 aliquo
1959 872 2210 950 calore
2258 874 2404 950 lan-

422 1022 427 1023 ’
518 1052 574 1095 ‚‚
626 1015 853 1101 guent
906 988 1065 1072 cum
1133 996 1506 1096 appetitus
1574 991 1993 1092 dejefflone
2030 1052 2060 1086 ,
2126 1016 2205 1075 et
2266 1016 2410 1076 tam

510 1176 572 1225 2,
624 1143 821 1197 artus
868 1142 1078 1221 quam
1138 1118 1477 1220 corporis
1532 1137 1833 1208 truncus
1886 1116 2161 1219 ubique
2221 1141 2404 1196 ema·

516 1299 575 1338 „
627 1244 961 1320 citantur..
1047 1237 1613 1344 Simpliciffima‚
1664 1264 1805 1341 qua
1862 1240 1990 1317 hic
2036 1258 2207 1316 utor
2260 1265 2405 1318 me-

524 1421 580 1458 „
637 1366 867 1443 thodo
896 1421 922 1456 ‚
974 1364 1143 1440 talis
1188 1365 1334 1442 est:
1387 1363 1554 1461 rhei
1589 1358 1819 1441 elefti
1861 1359 2444 1441 taleolatim'in·*

435 1534 442 1541 -
521 1544 577 1582 ,‚
629 1488 753 1565 cifi
797 1487 895 1583 {ij
953 1487 1034 1562 in
1080 1491 1408 1589 lagenam
1455 1486 1771 1564 vitream
1811 1482 2111 1562 duarum
2152 1484 2243 1565 1²6
2293 1508 2403 1562 ce-
2517 1558 2526 1567 ,

526 1660 584 1703 „
636 1609 915 1686 sevifiae
948 1609 1191 1689 tenuis
1242 1632 1615 1709 capacem,
1666 1605 1923 1684 subere
1967 1629 2156 1684 mox·
2180 1611 2403 1710 probe
2452 1625 2457 1631 '

522 1789 579 1827 ,,
634 1733 1103 1811 obturandam
1158 1788 1183 1822 ,
1286 1731 1584 1811 immitti
1655 1744 1833 1809 curo
1906 1728 2085 1822 (vel
2130 1731 2202 1805 in
2257 1730 2395 1808 alio

523 1912 582 1948 ‚,
637 1854 977 1955 quolibet
1017 1853 1354 1954 liquore,
1407 1878 1557 1954 quo
1604 1875 1744 1953 pro
1805 1868 1987 1953 potu
2038 1850 2396 1928 ordinatio

523 2032 580 2068 ,‚
631 1976 746 2053 uti
799 1975 1036 2054 solent
1077 1969 1445 2071 ili-fantes)
1481 2032 1508 2068 ‚
1551 1970 1792 2077 'quam
1847 1975 2270 2053 cerevifiam
2309 1976 2410 2059 ita

528 2153 585 2193 „
645 2096 1065 2176 medicatam
1116 2092 1398 2173 ¹infanti
1453 2115 1596 2175 tam
1656 2092 1887 2176 notstu
1932 2113 2142 2199 qnam
2190 2098 2410 2176 intet-

527 2278 586 2315 „
641 2216 766 2298 diu
791 2276 817 2311 ,
871 2236 949 2299 et
985 2242 1148 2299 cum
1182 2235 1260 2295 et
1308 2219 1460 2297 fine
1516 2219 1684 2298 cibo
1748 2220 2265 2328 'propinandam
2308 2224 2412 2301 in·

520 2400 579 2441 ‚,
624 2345 882 2448 jungo,
1008 2346 1255 2444 Epoto
1301 2344 1448 2422 hoc
1508 2344 1800 2446 liquore
1863 2344 2035 2421 duas
2097 2348 2276 2426 alias
2325 2348 2411 2425 li-

532 2524 589 2563 „
643 2472 806 2546 bras
862 2464 1302 2546 rhabarbaro
1334 2466 1572 2544 eidem
1623 2463 2109 2567 fupetaffundi
2142 2468 2367 2565 jubeo
2386 2467 2425 2565 ς’

532 2648 589 2685 ,,
635 2591 904 2701 quibus
955 2590 1235 2691 pariter
1295 2590 1664 2668 exhaustis
1728 2588 1905 2667 alias
1954 2590 2187 2669 adhuc
2245 2593 2415 2674 duas

424 2739 429 2744 ’
527 2768 584 2808 ,,
639 2740 775 2816 pro
829 2734 911 2811 3²
954 2714 1143 2790 ·vice
1169 2710 1563 2792 substituo:
1616 2709 1765 2815 quo
1791 2708 1992 2798 fusto
2037 2736 2117 2794 et
2158 2717 2414 2798 rheum

534 2891 590 2931 ‚,
642 2835 847 2911 vites
926 2829 1083 2910 suas
1158 2834 1431 2912 amittit
1459 2893 1486 2927 ,
1576 2856 1655 2913 et
1712 2835 1950 2916 infans
2014 2841 2272 2919 morbo
2333 2859 2416 2920 ut

529 2959 597 3052 „⁷
651 2955 1041 3058 plurimum
1091 2954 1472 3036 liberatur.
1594 2959 1714 3037 Ne
1777 2984 2016 3040 tamen
2066 2964 2416 3050 cerevisia

417 3182 430 3193 ο
534 3131 592 3169 ,,
645 3076 957 3176 primum
999 3073 1214 3154 affusa
1259 3076 1428 3155 rhei
1450 3098 1455 3104 ’
1477 3080 1558 3158 vi
1605 3084 1996 3176 cathartica
2039 3083 2418 3163 saturatius

531 3253 588 3290 „
642 3198 1100 3300 impraegnata
1126 3199 1318 3298 justo
1364 3194 1881 3288 vehementius
1913 3208 2154 3286 alvum
2200 3208 2413 3294 cieat,

531 3377 587 3415 ‚‚
641 3322 920 3399 cautius
953 3323 1275 3425 agimus,
1325 3325 1381 3400 fi
1430 3324 1556 3421 1bj
1599 3348 1820 3430 epota
1855 3333 2148 3417 alteram
2182 3330 2413 3406 statim

533 3500 587 3538 ‚‚
640 3442 1096 3544 adjiciamus3
1148 3436 1309 3549 post
1352 3470 1540 3525 vero
1580 3469 1949 3528 recentem
1994 3450 2415 3530 cerevifiam

535 3622 593 3661 ‚,
645 3591 795 3645 non
849 3564 1294 3661 affundemus
1325 3625 1353 3660 ,
1426 3571 1559 3649 nifi
1617 3573 1955 3650 exhausta
2017 3597 2103 3649 ea
2173 3572 2411 3661 omni,
2497 3555 2502 3560 ’

546 3744 602 3777 ,,
660 3708 826 3791 quae·
845 3687 1066 3785 prius·
1082 3687 1322 3767 fuerat
1352 3689 1623 3796 lagenae
1643 3692 1991 3785 inclusa».
2028 3691 2413 3772 Efficacius

428 3899 431 3901 ,
539 3808 764 3885 etiam
800 3808 903 3886 est
927 3810 1228 3900 themu,
1278 3811 1330 3887 sl
1368 3838 1414 3918 e
1455 3815 1756 3896 confluo
1797 3842 1861 3897 P.
1906 3838 2406 3896 Hom-MAN-

539 3951 644 4015 Ns
687 3952 856 4011 cum
882 3927 1163 4044 *salibus
1222 3935 1482 4018 mediis
1527 3935 1940 4035 hujusmodi
1977 3942 2064 4026 in
2132 3943 2403 4024 cafibus
