2752 4673
474 462 479 465 ’
532 538 672 615 232
856 518 1271 591 ms‘ronnss
1312 511 1591 583 ments
1633 512 2024 578 *monem
2236 509 2302 589 ς.
2320 522 2452 602 4²7·

526 746 586 829 '‚‚
638 730 989 811 continua
1018 754 1101 807 ac
1147 726 1349 806 mitis
1392 723 1691 827 quidem
1733 716 1844 796 est
1859 774 1887 808 ‚
1934 717 2161 798 brevi
2199 737 2451 800 tamen

530 914 588 952 ‚,
638 876 974 957 tempore
1051 874 1306 929 carnes
1381 869 1638 926 omnes
1721 837 2050 957 depascit·
2090 895 2117 931 ,
2208 842 2457 920 homi-

529 1036 586 1078 „
639 1001 955 1081 nemque
1079 975 1162 1053 in
1265 994 1604 1075 magnum
1714 964 2025 1062 conjicit
2156 965 2457 1066 pericu..

530 1158 589 1198 ,‚
638 1104 818 1181 lum.
912 1098 1069 1176 Ubi
1134 1095 1419 1201 aliquid
1465 1094 1619 1172 cibi
1664 1091 1908 1195 capit,
1946 1087 2187 1167 statim
2229 1090 2448 1168 calor

531 1282 591 1321 ‚,
642 1223 1114 1326 exasperatur
1161 1276 1190 1312 ,
1306 1220 1413 1298 ita
1490 1236 1579 1297 ut
1647 1216 1986 1321 appetitu
2068 1211 2251 1290 lieet
2342 1213 2454 1291 in-

526 1403 587 1444 „
640 1365 863 1447 tegro
961 1360 1043 1423 et
1135 1343 1550 1421 stimulante
1629 1343 1769 1422 vix
1847 1358 2094 1419 tamen
2189 1338 2456 1419 audeat

528 1526 590 1566 ‚,
644 1463 1005 1549 affumere'
1096 1466 1491 1571 quidquam
1597 1465 1776 1557 tale,
1912 1463 2185 1543 debilis
2293 1465 2403 1543 est
2419 1522 2447 1557 ‚

533 1650 592 1689 ‚,
646 1591 896 1699 pulsus
1000 1584 1385 1668 manifesto
1487 1586 1846 1694 frequens
1965 1605 2047 1667 et
2154 1589 2378 1667 durus
2420 1621 2446 1690 3

534 1773 592 1812 ‚,
640 1717 854 1795 urina
932 1713 1234 1826 interim
1299 1711 1500 1792 nihil
1559 1715 1803 1792 minus
1879 1737 2098 1818 quam
2177 1710 2435 1792 febrim

536 1894 594 1936 ‚,
646 1836 969 1917 ostendit
990 1892 1017 1927 ,
1090 1837 1361 1914 citrina
1384 1891 1413 1927 ,
1468 1839 1883 1938 pellucida,
1938 1837 2234 1929 tenuis,
2274 1860 2450 1937 pau·-
2537 1928 2540 1933 .

536 2017 597 2057 ‚,
650 1960 760 2038 cis
809 1957 1146 2035 fanorum
1203 1956 1606 2037 fimillima:
1670 1962 1873 2062 quod
1919 1961 2140 2061 plane
2205 1978 2452 2044 contra

531 2138 599 2181 ,‚
624 2118 625 2123 ¹
650 2101 946 2160 omnem
985 2079 1526 2181 experientiam
1572 2098 1652 2158 et
1691 2083 2069 2171 rationem
2127 2084 2445 2187 contige-

534 2260 597 2299 „
648 2205 795 2296 rit,
870 2257 896 2286 .
946 2236 971 2282 ς
1023 2255 1048 2281 .
1114 2201 1318 2279 inter
1389 2221 1661 2282 naturae
1712 2206 2062 2287 miracula
2121 2205 2439 2286 referen-

542 2385 602 2426 „
654 2327 825 2408 dum
868 2323 1271 2417 censebam.
1381 2328 1471 2405 In
1523 2328 1679 2405 -hoc
1745 2331 1970 2438 etiam
2026 2331 2107 2413 id
2158 2335 2460 2429 mirum,

470 2557 477 2562 ι
541 2509 600 2548 ,,
649 2452 852 2556 quod
932 2470 1013 2530 et
1079 2450 1458 2553 appetitus
1536 2444 1718 2531 effet
1751 2520 1758 2526 .
1794 2458 2129 2535 constans
2205 2467 2462 2539 contra

471 2595 476 2600 ·
538 2630 599 2673 ,,
649 2599 941 2653 omnem
979 2570 1303 2662 febrium
1341 2592 1762 2680 certamque
1805 2575 2413 2661 consvetudinem
2428 2639 2455 2677 ,
2511 2664 2519 2670 .

540 2753 599 2791 ‚‚
652 2717 731 2776 et
785 2693 1111 2812 somnum
1158 2719 1428 2799 capere
1489 2720 1642 2777 non
1683 2694 1938 2802 'pofl'et
1963 2759 1993 2795 ,
2088 2729 2188 2783 ne
2249 2702 2466 2784 laffus

540 2874 598 2916 ‚‚
648 2819 947 2921 quidem
974 2876 1004 2911 2
1053 2843 1194 2907 nec.
1242 2820 1515 2920 opiatis
1566 2820 1972 2918 juvabatur
1995 2886 2024 2921 ,
2078 2828 2204 2907 sed
2256 2830 2465 2909 fimul

545 2995 602 3031 „
653 2965 759 3058 ac*
793 2937 1123 3028 firmabat
1174 2943 1435 3021 oeulos
1481 2943 1691 3026 nullo
1752 2927 1976 3027 etiam
2022 2954 2202 3055 opio
2253 2954 2420 3032 usus
2436 3009 2467 3047 ,

549 3118 607 3154 „
650 3063 897 3141 ‘statim
939 3062 1020 3140 in
1084 3063 1494 3166 phantasias
1549 3083 1633 3144 et
1691 3068 2169 3156 deliramenta
2229 3103 2472 3155 coma..

544 3211 627 3284 „··
652 3181 813 3262 tosa
850 3183 1245 3265 incidebat.
1354 3186 1504 3267 Hic
1550 3188 1698 3287 jam
1733 3196 1933 3274 omni
1991 3200 2348 3281 cerevisia
2388 3214 2473 3276 et

550 3319 607 3403 ,‘,
652 3303 954 3404 jusculis
992 3308 1394 3418 pinguibus
1447 3312 1757 3409 omi-ffiS,
1830 3316 2163 3401 decofflis
2233 3323 2470 3426 largis

548 3486 604 3524 ,‚
658 3430 1095 3510 hordeaceis
1149 3443 1315 3512 cum
1365 3428 1661 3536 paffulis
1689 3457 1776 3517 fet
1804 3443 1973 3521 aliis
2030 3445 2297 3523 melius
2343 3447 2470 3528 ha-

554 3610 608 3646 „
672 3555 853 3631 ber-e
909 3556 1187 3659 coepit,
1239 3577 1317 3638 et
1362 3559 1443 3636 in
1478 3581 1733 3662 magna
1773 3564 2327 3668 exspectatione
2383 3595 2471 3649 ac

551 3733 607 3775 2,
658 3674 784 3778 spe
852 3677 959 3754 est
1053 3677 1329 3778 pofitus
1388 3680 1765 3783 pristinam
1830 3692 2331 3772 valetudinem
2392 3690 2473 3776 se

549 3853 610 3898 κ
656 3818 1262 3930 temperaturum
1289 3856 1374 3900 »ο
1449 3808 1618 3896 Huc
1645 3839 1946 3928 queque
1977 3810 2253 3902 referri
2296 3832 2468 3927 pot.¹
