2752 4673
932 521 1262 590 PARS
1344 518 1438 591 11,
1585 558 1736 607 «
1899 464 2150 610 *39⁷3

260 739 527 820 Tertio
599 733 760 836 post
812 725 1235 832 affumptum
1293 731 1536 808 cibum
1586 753 1730 808 una
1784 732 1913 811 vel
1962 733 2139 810 alte-

145 956 157 970 ,
255 890 339 944 ra
405 859 833 962 interpofita
886 857 1074 934 hora
1135 856 1372 933 calorss
1427 910 1449 934 .
1504 910 1526 934 .
1579 853 1666 931 ad
1716 850 1971 934 horam
2027 856 2145 932 illi

224 986 775 1066 ”intendebatur
814 975 938 1080 (f)
962 1035 990 1070 ,
1056 995 1134 1056 et
1189 970 1435 1081 pulsus'
1488 979 1593 1058 ita
1656 973 1802 1057 effe
1863 981 2143 1058 attesta-

259 1113 566 1204 bantur.;
619 1105 791 1210 quia
858 1101 1362 1203 magnitudine
1434 1124 1514 1182 et
1590 1100 1998 1184 velocitate
2049 1106 2149 1182 al-

263 1235 419 1313 lato
472 1231 640 1309 cibo
689 1226 1138 1328 augebantur
1203 1225 1357 1322 (g)
1410 1284 1432 1306 .
1486 1285 1508 1308 .
1560 1285 1584 1307 .
1637 1227 1932 1310 Qum-to
1977 1252 2148 1306 con-

189 1436 194 1443 ,
262 1356 472 1433 tinue
557 1349 1088 1439 febricitabat„
1138 1352 1416 1430 tametfi
1490 1349 1921 1432 febricitare
2001 1375 2180 1440 nQu¹

263 1475 336 1554 se
383 1475 734 1554 sentiebat
783 1524 880 1555 .1.
935 1531 958 1554 .
1026 1464 1278 1552 Pulsu's
1342 1475 1642 1564 aderant
1715 1499 1868 1554 non
1918 1469 2157 1554 admo-

267 1601 434 1678 dum
516 1598 795 1678 debiles
864 1624 1030 1676 cum
1120 1597 1422 1699 quadam
1496 1616 1737 1677 tamen
1810 1618 2162 1700 percepta

268 1723 544 1803 duritie
597 1779 618 1801 .
662 1777 684 1803 .
738 1777 763 1806 .
824 1719 1004 1814 Ejus
1067 1718 1486 1818 egestiones
1559 1739 1639 1799 et
1712 1720 1938 1799 urinae
2000 1722 2188 1823 pin-t
2253 1760 2256 1761 f

268 1845 666 1949 -guedinem
725 1842 1077 1946 quandam
1134 1864 1281 1943 prae
1342 1837 1418 1917 se
1484 1838 1820 1922 ferebant
1861 1836 1982 1944 (h)
2032 1901 2054 1923 .
2079 1901 2104 1923 ..
2137 1901 2161 1924 .

271 1969 520 2047 Primo
577 1966 810 2068 igitur
868 1989 1040 2043 eum
1091 1963 1171 2040 111
1234 1985 1406 2039 aere
1469 1960 1749 2066 frigido
1798 1979 1900 2046 et'
1929 1969 2166 2046 humi..

247 2090 368 2167 ·do
448 2089 884 2177 decumbere
965 2081 1275 2162 fecimus
1340 2079 1507 2181 (i),
1561 2087 2013 2170 admonendo
2080 2108 2194 2178 ut,
2291 2171 2293 2174 ,

273 2221 432 2310 ejus
490 2209 739 2287 cubile
805 2207 1253 2293 commodam
1303 2206 1613 2286 haberet
1676 2212 2171 2303 latitudinem,

276 2363 359 2418 et
407 2335 718 2415 culcitra
782 2330 1031 2412 mollis
1085 2322 1304 2418 effet,
1355 2329 1518 2415 lana
1576 2349 1655 2419 et
1715 2357 1867 2412 non
1929 2359 2170 2436 penna

281 2464 495 2564 plena
547 2452 748 2556 (k).
876 2512 903 2537 .
983 2451 1318 2555 Stragula
1385 2478 1682 2556 quoque
1757 2454 2168 2551 albissima,

264 2584 460 2660 ,ficut
512 2567 779 2672 decet,
854 2597 933 2657 et
1007 2574 1305 2656 minime
1326 2574 1690 2670 sordida,
1772 2604 1929 2679 quae
1978 2579 2171 2683 saepe
2226 2678 2232 2684 .

283 2703 647 2783 immutari
700 2697 836 2799 (ι)
893 2702 1241 2778 debent.
1370 2698 1677 2784 ,Cibus
1734 2698 1913 2781 huic
1974 2703 2171 2782 obla-

246 2823 406 2909 ¹tus
478 2827 755 2908 eisdem
796 2823 1288 2927 qualitatibus
1362 2822 1707 2924 praeditus
1768 2842 1964 2917 erat,
2014 2826 2172 2929 qui-

256 2953 424 3042 bus
488 2974 651 3043 aer,
726 2944 850 3031 sed
904 2943 1099 3032 succi
1179 2944 1443 3050 optimi
1480 3003 1509 3039 ‚
1587 2935 1807 3050 quem
1872 2946 2192 3050 fingulis·
2290 3050 2296 3056 Ι

376 3345 499 3436 (f)
537 3344 770 3410 Ibidem
810 3367 874 3412 n
911 3367 972 3424 4.
1062 3410 1066 3416 ,

232 3517 242 3534 Γ
384 3445 469 3533 (g
484 3445 794 3528 )Ibidem
834 3443 951 3526 b)

328 3541 534 3623 (h)
576 3542 799 3606 Confer
841 3534 898 3618 ἓ
947 3538 1009 3604 6.
1040 3535 1148 3624 a).

388 3639 532 3723 (ἱ)
575 3641 799 3705 Confer
843 3635 905 3719 §0
949 3634 1053 3720 76.
