2752 4673
465 482 610 560 370
768 464 1222 533 msromAE
1265 457 1538 526 sams
1582 457 1977 524 fluertem
2164 452 2229 537 ς.
2258 451 2383 543 69·

464 736 524 771 ‚,
571 700 764 757 vero
818 672 974 751 fine
1032 671 1196 750 ullo
1245 661 1500 745 fiuCtu
1575 662 1761 740 illud
1812 661 2006 743 bibit
2088 679 2413 765 propter

470 859 528 897 ,,
579 801 768 878 male
814 790 1123 875 affestos
1160 791 1587 897 pulmones,
1640 784 1841 888 quod
1892 809 1992 864 ex
2050 787 2280 889 gravi
2331 807 2418 868 et

467 984 522 1020 ,‚
576 918 843 1005 anhela
908 918 1131 999 etiam
1205 915 1288 992 in
1356 909 1678 989 levioris
1746 908 2108 1013 eorporis,
2152 928 2421 1000 motu,

475 1108 532 1144 ,‚
580 1074 677 1128 eo
722 1043 926 1149 quod
991 1042 1170 1120 dura
1234 1031 1607 1140 pulmonis
1662 1033 2102 1133 apostemata
2147 1032 2420 1109 dilata-

468 1216 535 1266 „·
579 1174 862 1251 tionem
906 1162 1358 1268 impedirent
1383 1212 1411 1247 ‚
1465 1153 1957 1256 respiratione
2000 1154 2424 1257 cognosce··

468 1352 523 1388 „
572 1318 660 1372 re
698 1289 997 1369 licebat.
1107 1280 1372 1384 Atque
1420 1279 1525 1395 ita
1562 1278 1780 1356 brevi
1824 1279 1990 1380 post
2028 1275 2190 1356 fato
2231 1301 2411 1355 con-

472 1474 529 1512 „
584 1409 788 1495 'cessit
824 1434 912 1505 ’,,.
1016 1408 1221 1487 Idem
1286 1404 1397 1481 est
1441 1403 1532 1481 de
1588 1401 1906 1480 internis
1967 1400 2410 1497 ulceribus3

469 1543 606 1623 nifi
665 1538 865 1620 forte
919 1527 1277 1613 leviffima
1340 1525 1476 1605 illa
1534 1528 1678 1605 {int
1711 1581 1740 1617 ,
1827 1545 2063 1626 eaque
2134 1519 2414 1621 primis

470 1668 553 1744 in
601 1664 800 1744 viis:
853 1678 1029 1740 tunc
1078 1654 1277 1734 enim
1322 1670 1671 1731 monente
1728 1672 1794 1726 r.
1860 1632 2275 1731 nor-’rua
2300 1668 2361 1723 N
2388 1693 2417 1709 -

469 1813 530 1869 N
555 1814 603 1867 o
644 1781 772 1882 (l)
827 1782 1114 1865 curatio
1155 1777 1308 1856 sola
1362 1770 1852 1854 demulcentia
1916 1789 1995 1848 et
2048 1769 2410 1846 roboran-

470 1911 581 1989 tia
612 1906 878 2010 poscit.
970 1961 1026 1995 „
1068 1905 1233 2003 Ego
1282 1896 1580 1997 (inquit
1619 1890 1800 1993 ille)
1841 1892 2242 1997 aliquoties
2281 1893 2408 1969 de-

481 2085 537 2121 „
592 2024 890 2111 cofihlm
928 2019 1145 2102 laffls
1202 2041 1369 2094 cum
1417 2020 1628 2118 ligno
1670 2010 1984 2093 saffafras
2035 2033 2117 2091 et
2171 2012 2399 2090 casca-

472 2206 527 2243 „
582 2150 769 2228 rinae
837 2145 1123 2225 cortice
1148 2200 1176 2237 ‚
1226 2159 1353 2218 aut
1427 2136 1734 2229 floribus
1779 2137 2271 2216 chamomilla:
2311 2154 2384 2212 et

472 2334 525 2369 ‚,
579 2270 1109 2353 summitatibus
1156 2257 1582 2351 millefolii,
1644 2260 1990 2363 quotidie
2052 2261 2144 2340 ad
2197 2285 2384 2340 men.

457 2457 529 2494 ,,,
582 2397 814 2476 suram
849 2417 1105 2499 potum
1159 2382 1553 2496 profecifl'e
1622 2385 1831 2465 novi.
1959 2386 2157 2463 Tum
2211 2409 2426 2487 quo-.

469 2582 525 2617 „
578 2547 725 2628 que
768 2521 1052 2599 radices
1096 2517 1368 2596 althaeae
1409 2532 1486 2592 et
1500 2510 1779 2611 juscula
1810 2534 1975 2586 cum
2027 2531 2267 2612 oryza
2314 2526 2399 2585 et

472 2644 809 2740 „latio
892 2637 1199 2721 ‹lc-:coela
1293 2631 1722 2740 proficiunt>
1767 2691 1796 2724 ,
1921 2637 2402 2737 tragacantha

470 2770 799 2863 „etiam
863 2790 1030 2844 cum
1089 2788 1270 2864 aqua
1333 2758 1646 2837 menthae
1698 2756 1955 2833 soluta.
2086 2758 2386 2834 Condu-

466 2951 522 2986 „
574 2911 751 2971 cunt
801 2907 1166 2992 praeterea
1228 2882 1584 2982 clysteres
1644 2902 1742 2956 ex
1788 2876 1981 2956 laete
2047 2901 2207 2955 cum
2272 2882 2398 2957 vi-
2439 2930 2445 2934 -

467 3014 766 3113 „tello
811 3009 988 3100 ovi,
1042 3001 1595 3093 terebinthina,
1646 3022 1727 3079 et
1756 3003 1986 3078 melle
2006 3058 2031 3093 ,
2088 3022 2210 3081 aut
2258 3003 2399 3080 alii

471 3197 527 3231 ,‚
581 3134 1087 3216 emollientes
1119 3150 1286 3204 cum
1348 3123 1626 3229 syrupo
1692 3124 1785 3202 de
1850 3125 2107 3203 althaea
2164 3151 2203 3203 a
2227 3150 2271 3203 E
2295 3150 2395 3201 R-

242 3265 391 3370 .
468 3318 524 3354 ,,
579 3277 1076 3354 ΝεῐςιιψΔ

544 3437 551 3442 -
673 3406 747 3484 3.
806 3379 1301 3482 Symptomata
1355 3373 1561 3454 varia
1601 3368 1979 3481 praesentia
2001 3428 2028 3463 ‚
2083 3371 2211 3451 vel
2239 3395 2382 3447 ma-

469 3507 667 3584 xime
724 3523 967 3586 autem
1036 3496 1610 3605 hypochondria
1677 3495 1917 3575 inflata
1947 3553 1974 3586 ,
2025 3492 2384 3595 cephalal-

2014 3737 2303 3761 m

561 3891 644 3969 <1
681 3888 713 3971 )
760 3891 806 3957 l,
855 3906 907 3956 c.
951 3900 1132 3956 curat.
1164 3883 1240 3969 §0
1273 3907 1340 3964 4.
