<?xml version="1.0" encoding="UTF-8"?>
<!DOCTYPE html PUBLIC "-//W3C//DTD XHTML 1.0 Transitional//EN"
    "http://www.w3.org/TR/xhtml1/DTD/xhtml1-transitional.dtd">
<html xmlns="http://www.w3.org/1999/xhtml" xml:lang="en" lang="en">
 <head>
  <title>
</title>
<meta http-equiv="Content-Type" content="text/html;charset=utf-8" />
  <meta name='ocr-system' content='tesseract 3.04.00' />
  <meta name='ocr-capabilities' content='ocr_page ocr_carea ocr_par ocr_line ocrx_word'/>
</head>
<body>
  <div class='ocr_page' id='page_1' title='image "./wenceslaitrnkad00kogoog_0310.png"; bbox 0 0 2752 4673; ppageno 0'>
   <div class='ocr_carea' id='block_1_1' title="bbox 629 485 2522 582">
    <p class='ocr_par' dir='ltr' id='par_1_1' title="bbox 629 485 2522 591">
     <span class='ocr_line' id='line_1_1' title="bbox 629 485 2522 582; baseline -0.008 -20"><span class='ocrx_word' id='word_1_1' title='bbox 629 495 776 575; x_wconf 78' lang='lat'>288</span> <span class='ocrx_word' id='word_1_2' title='bbox 964 493 1380 558; x_wconf 75' lang='lat' dir='ltr'>ms‘romAE</span> <span class='ocrx_word' id='word_1_3' title='bbox 1424 486 1692 554; x_wconf 80' lang='lat' dir='ltr'><strong>FEBRIS</strong></span> <span class='ocrx_word' id='word_1_4' title='bbox 1737 485 2128 551; x_wconf 77' lang='lat' dir='ltr'>HECTICAE</span> <span class='ocrx_word' id='word_1_5' title='bbox 2318 492 2522 582; x_wconf 59' lang='lat'>§.55¹⁶</span> 
     </span>
    </p>
   </div>
   <div class='ocr_carea' id='block_1_2' title="bbox 531 690 2530 4012">
    <p class='ocr_par' dir='ltr' id='par_1_2' title="bbox 531 690 2530 4012">
     <span class='ocr_line' id='line_1_2' title="bbox 628 690 2530 795; baseline -0.007 -14"><span class='ocrx_word' id='word_1_6' title='bbox 628 754 686 795; x_wconf 87' lang='lat'><strong>„</strong></span> <span class='ocrx_word' id='word_1_7' title='bbox 736 718 948 779; x_wconf 77' lang='lat' dir='ltr'>antea</span> <span class='ocrx_word' id='word_1_8' title='bbox 1005 695 1549 777; x_wconf 85' lang='lat' dir='ltr'>defluxionibus</span> <span class='ocrx_word' id='word_1_9' title='bbox 1604 719 1688 772; x_wconf 86' lang='lat' dir='ltr'>ac</span> <span class='ocrx_word' id='word_1_10' title='bbox 1749 690 2177 771; x_wconf 79' lang='lat' dir='ltr'>catarrhofis</span> <span class='ocrx_word' id='word_1_11' title='bbox 2241 696 2530 778; x_wconf 76' lang='lat' dir='ltr'>insulti.</span> 
     </span>
     <span class='ocr_line' id='line_1_3' title="bbox 630 814 2529 920; baseline -0.005 -17"><span class='ocrx_word' id='word_1_12' title='bbox 630 880 687 918; x_wconf 89' lang='lat'><strong>„</strong></span> <span class='ocrx_word' id='word_1_13' title='bbox 739 827 873 905; x_wconf 88' lang='lat' dir='ltr'>bus</span> <span class='ocrx_word' id='word_1_14' title='bbox 927 846 1193 904; x_wconf 79' lang='lat' dir='ltr'>vexata</span> <span class='ocrx_word' id='word_1_15' title='bbox 1211 877 1237 912; x_wconf 90' lang='lat'>,</span> <span class='ocrx_word' id='word_1_16' title='bbox 1319 822 1666 896; x_wconf 81' lang='lat' dir='ltr'>autumno</span> <span class='ocrx_word' id='word_1_17' title='bbox 1732 814 1835 894; x_wconf 90' lang='lat' dir='ltr'>A.</span> <span class='ocrx_word' id='word_1_18' title='bbox 1883 832 2076 920; x_wconf 79' lang='lat'><strong>1775</strong></span> <span class='ocrx_word' id='word_1_19' title='bbox 2129 814 2348 901; x_wconf 81' lang='lat' dir='ltr'><strong>febre</strong></span> <span class='ocrx_word' id='word_1_20' title='bbox 2415 853 2529 907; x_wconf 72' lang='lat' dir='ltr'>ca.</span> 
     </span>
     <span class='ocr_line' id='line_1_4' title="bbox 625 932 2519 1049; baseline 0.002 -25"><span class='ocrx_word' id='word_1_21' title='bbox 625 1001 685 1042; x_wconf 88' lang='lat'>-,‚</span> <span class='ocrx_word' id='word_1_22' title='bbox 734 948 1036 1027; x_wconf 82' lang='lat' dir='ltr'>tarrhali</span> <span class='ocrx_word' id='word_1_23' title='bbox 1116 941 1653 1043; x_wconf 82' lang='lat' dir='ltr'>corripiebatur</span> <span class='ocrx_word' id='word_1_24' title='bbox 1733 932 1834 1016; x_wconf 76' lang='lat' dir='ltr'>sat</span> <span class='ocrx_word' id='word_1_25' title='bbox 1907 941 2188 1041; x_wconf 83' lang='lat' dir='ltr'>gravi,</span> <span class='ocrx_word' id='word_1_26' title='bbox 2258 966 2519 1049; x_wconf 81' lang='lat' dir='ltr'>typum</span> 
     </span>
     <span class='ocr_line' id='line_1_5' title="bbox 628 1055 2523 1170; baseline 0.002 -23"><span class='ocrx_word' id='word_1_27' title='bbox 628 1129 684 1166; x_wconf 91' lang='lat'><strong>„</strong></span> <span class='ocrx_word' id='word_1_28' title='bbox 737 1067 938 1150; x_wconf 88' lang='lat' dir='ltr'>suum</span> <span class='ocrx_word' id='word_1_29' title='bbox 1000 1069 1194 1147; x_wconf 82' lang='lat' dir='ltr'>circa</span> <span class='ocrx_word' id='word_1_30' title='bbox 1265 1067 1520 1143; x_wconf 83' lang='lat' dir='ltr'>horam</span> <span class='ocrx_word' id='word_1_31' title='bbox 1567 1081 1613 1157; x_wconf 80' lang='grc'>5</span> <span class='ocrx_word' id='word_1_32' title='bbox 1675 1055 2165 1163; x_wconf 82' lang='lat' dir='ltr'>vespertinam</span> <span class='ocrx_word' id='word_1_33' title='bbox 2205 1068 2523 1170; x_wconf 88' lang='lat' dir='ltr'>fistente,</span> 
     </span>
     <span class='ocr_line' id='line_1_6' title="bbox 619 1182 2520 1297; baseline -0.004 -25"><span class='ocrx_word' id='word_1_34' title='bbox 619 1251 684 1297; x_wconf 80' lang='lat'><em>„</em></span> <span class='ocrx_word' id='word_1_35' title='bbox 736 1219 894 1297; x_wconf 81' lang='lat' dir='ltr'>quae</span> <span class='ocrx_word' id='word_1_36' title='bbox 954 1190 1259 1272; x_wconf 84' lang='lat' dir='ltr'>multum</span> <span class='ocrx_word' id='word_1_37' title='bbox 1313 1184 1726 1266; x_wconf 80' lang='lat' dir='ltr'>increscens</span> <span class='ocrx_word' id='word_1_38' title='bbox 1793 1182 2093 1263; x_wconf 88' lang='lat' dir='ltr'>sudores</span> <span class='ocrx_word' id='word_1_39' title='bbox 2158 1195 2520 1292; x_wconf 83' lang='lat' dir='ltr'>prolixio.</span> 
     </span>
     <span class='ocr_line' id='line_1_7' title="bbox 613 1308 2522 1419; baseline 0.002 -32"><span class='ocrx_word' id='word_1_40' title='bbox 613 1368 684 1408; x_wconf 70' lang='lat'>„„</span> <span class='ocrx_word' id='word_1_41' title='bbox 737 1339 929 1409; x_wconf 65' lang='lat' dir='ltr'>res„</span> <span class='ocrx_word' id='word_1_42' title='bbox 1003 1314 1425 1417; x_wconf 83' lang='lat' dir='ltr'>appetitum.</span> <span class='ocrx_word' id='word_1_43' title='bbox 1485 1335 1627 1387; x_wconf 79' lang='lat' dir='ltr'>una</span> <span class='ocrx_word' id='word_1_44' title='bbox 1698 1332 1863 1383; x_wconf 87' lang='lat' dir='ltr'>cum</span> <span class='ocrx_word' id='word_1_45' title='bbox 1930 1308 2222 1390; x_wconf 86' lang='lat' dir='ltr'>viribus</span> <span class='ocrx_word' id='word_1_46' title='bbox 2308 1321 2522 1419; x_wconf 79' lang='lat' dir='ltr'>plane</span> 
     </span>
     <span class='ocr_line' id='line_1_8' title="bbox 628 1429 2517 1542; baseline 0.003 -24"><span class='ocrx_word' id='word_1_47' title='bbox 628 1494 683 1534; x_wconf 90' lang='lat'><em>„</em></span> <span class='ocrx_word' id='word_1_48' title='bbox 735 1440 1210 1542; x_wconf 87' lang='lat' dir='ltr'>prostratum,</span> <span class='ocrx_word' id='word_1_49' title='bbox 1257 1432 1539 1512; x_wconf 82' lang='lat' dir='ltr'>urinam</span> <span class='ocrx_word' id='word_1_50' title='bbox 1594 1429 2069 1508; x_wconf 88' lang='lat' dir='ltr'>sedimentum</span> <span class='ocrx_word' id='word_1_51' title='bbox 2115 1435 2517 1523; x_wconf 86' lang='lat' dir='ltr'>lateritium</span> 
     </span>
     <span class='ocr_line' id='line_1_9' title="bbox 624 1554 2514 1676; baseline -0.004 -35"><span class='ocrx_word' id='word_1_52' title='bbox 624 1621 684 1676; x_wconf 80' lang='lat'>„</span> <span class='ocrx_word' id='word_1_53' title='bbox 735 1559 1213 1666; x_wconf 88' lang='lat' dir='ltr'>copiofissime</span> <span class='ocrx_word' id='word_1_54' title='bbox 1279 1559 1773 1658; x_wconf 87' lang='lat' dir='ltr'>doponentem</span> <span class='ocrx_word' id='word_1_55' title='bbox 1821 1609 1849 1645; x_wconf 86' lang='lat'>‚</span> <span class='ocrx_word' id='word_1_56' title='bbox 1913 1554 2311 1639; x_wconf 80' lang='lat' dir='ltr'>inducebat</span> <span class='ocrx_word' id='word_1_57' title='bbox 2333 1618 2376 1655; x_wconf 83' lang='lat'>.,</span> <span class='ocrx_word' id='word_1_58' title='bbox 2437 1594 2514 1648; x_wconf 69' lang='lat' dir='ltr'>ac</span> 
     </span>
     <span class='ocr_line' id='line_1_10' title="bbox 626 1679 2500 1785; baseline 0.002 -22"><span class='ocrx_word' id='word_1_59' title='bbox 626 1744 682 1781; x_wconf 93' lang='lat'>„</span> <span class='ocrx_word' id='word_1_60' title='bbox 736 1684 1129 1785; x_wconf 78' lang='lat' dir='ltr'>terminum</span> <span class='ocrx_word' id='word_1_61' title='bbox 1181 1681 1384 1759; x_wconf 89' lang='lat' dir='ltr'>suum</span> <span class='ocrx_word' id='word_1_62' title='bbox 1425 1679 1620 1779; x_wconf 84' lang='lat' dir='ltr'>justo</span> <span class='ocrx_word' id='word_1_63' title='bbox 1668 1679 1965 1782; x_wconf 85' lang='lat' dir='ltr'>longius</span> <span class='ocrx_word' id='word_1_64' title='bbox 2018 1685 2500 1781; x_wconf 77' lang='lat' dir='ltr'>protrahebat,</span> 
     </span>
     <span class='ocr_line' id='line_1_11' title="bbox 531 1798 2501 1909; baseline 0.001 -24"><span class='ocrx_word' id='word_1_65' title='bbox 531 1846 532 1849; x_wconf 9' lang='grc' dir='ltr'><strong><em>κ</em></strong></span> <span class='ocrx_word' id='word_1_66' title='bbox 617 1865 682 1902; x_wconf 64' lang='grc'>.,,</span> <span class='ocrx_word' id='word_1_67' title='bbox 735 1811 840 1886; x_wconf 81' lang='lat' dir='ltr'>ita</span> <span class='ocrx_word' id='word_1_68' title='bbox 892 1828 978 1883; x_wconf 88' lang='lat' dir='ltr'>ut</span> <span class='ocrx_word' id='word_1_69' title='bbox 1056 1806 1340 1886; x_wconf 88' lang='lat' dir='ltr'>cortice</span> <span class='ocrx_word' id='word_1_70' title='bbox 1416 1804 1705 1881; x_wconf 82' lang='lat' dir='ltr'>tandem</span> <span class='ocrx_word' id='word_1_71' title='bbox 1767 1802 1883 1880; x_wconf 71' lang='lat' dir='ltr'>uti‘</span> <span class='ocrx_word' id='word_1_72' title='bbox 1946 1798 2235 1883; x_wconf 79' lang='lat' dir='ltr'>necefl&#39;e</span> <span class='ocrx_word' id='word_1_73' title='bbox 2301 1803 2501 1909; x_wconf 47' lang='lat' dir='ltr'>effen,</span> 
     </span>
     <span class='ocr_line' id='line_1_12' title="bbox 611 1925 2512 2032; baseline 0.006 -27"><span class='ocrx_word' id='word_1_74' title='bbox 611 1978 680 2022; x_wconf 89' lang='lat'>-‚,</span> <span class='ocrx_word' id='word_1_75' title='bbox 733 1955 882 2032; x_wconf 89' lang='lat' dir='ltr'>quo</span> <span class='ocrx_word' id='word_1_76' title='bbox 915 1945 1176 2029; x_wconf 20' lang='lat' dir='ltr'>*tamen</span> <span class='ocrx_word' id='word_1_77' title='bbox 1237 1929 1326 2002; x_wconf 79' lang='lat' dir='ltr'>ad</span> <span class='ocrx_word' id='word_1_78' title='bbox 1361 1928 1411 2015; x_wconf 30' lang='lat'>26</span> <span class='ocrx_word' id='word_1_79' title='bbox 1468 1926 1895 2025; x_wconf 82' lang='lat' dir='ltr'>septimanas</span> <span class='ocrx_word' id='word_1_80' title='bbox 1942 1925 2392 2026; x_wconf 64' lang='lat' dir='ltr'>protraCtam</span> <span class='ocrx_word' id='word_1_81' title='bbox 2439 1960 2512 2016; x_wconf 84' lang='lat' dir='ltr'>ac</span> 
     </span>
     <span class='ocr_line' id='line_1_13' title="bbox 623 2045 2507 2151; baseline 0.005 -25"><span class='ocrx_word' id='word_1_82' title='bbox 623 2100 680 2144; x_wconf 79' lang='lat'>„</span> <span class='ocrx_word' id='word_1_83' title='bbox 732 2049 1099 2143; x_wconf 75' lang='lat' dir='ltr'>subdolam</span> <span class='ocrx_word' id='word_1_84' title='bbox 1174 2050 1358 2125; x_wconf 78' lang='lat' dir='ltr'>hanc</span> <span class='ocrx_word' id='word_1_85' title='bbox 1439 2045 1721 2126; x_wconf 85' lang='lat' dir='ltr'>febrem</span> <span class='ocrx_word' id='word_1_86' title='bbox 1792 2047 2198 2151; x_wconf 72' lang='lat' dir='ltr'>exstirpare</span> <span class='ocrx_word' id='word_1_87' title='bbox 2295 2052 2507 2141; x_wconf 78' lang='lat' dir='ltr'>facile</span> 
     </span>
     <span class='ocr_line' id='line_1_14' title="bbox 623 2170 2513 2277; baseline 0.004 -26"><span class='ocrx_word' id='word_1_88' title='bbox 623 2228 680 2269; x_wconf 90' lang='lat'><strong>„</strong></span> <span class='ocrx_word' id='word_1_89' title='bbox 730 2172 971 2251; x_wconf 88' lang='lat' dir='ltr'>licuit.</span> <span class='ocrx_word' id='word_1_90' title='bbox 1087 2170 1314 2250; x_wconf 88' lang='lat' dir='ltr'>Anno</span> <span class='ocrx_word' id='word_1_91' title='bbox 1379 2195 1568 2250; x_wconf 86' lang='lat' dir='ltr'>vero</span> <span class='ocrx_word' id='word_1_92' title='bbox 1636 2170 2064 2277; x_wconf 83' lang='lat' dir='ltr'>insequente</span> <span class='ocrx_word' id='word_1_93' title='bbox 2124 2182 2513 2264; x_wconf 83' lang='lat' dir='ltr'>autumnali</span> 
     </span>
     <span class='ocr_line' id='line_1_15' title="bbox 619 2292 2514 2406; baseline 0.004 -29"><span class='ocrx_word' id='word_1_94' title='bbox 619 2312 681 2396; x_wconf 55' lang='lat'>„⁴</span> <span class='ocrx_word' id='word_1_95' title='bbox 736 2295 981 2378; x_wconf 90' lang='lat' dir='ltr'>rursus</span> <span class='ocrx_word' id='word_1_96' title='bbox 1034 2317 1368 2399; x_wconf 89' lang='lat' dir='ltr'>tempore</span> <span class='ocrx_word' id='word_1_97' title='bbox 1405 2296 1492 2374; x_wconf 82' lang='lat' dir='ltr'>ad</span> <span class='ocrx_word' id='word_1_98' title='bbox 1522 2292 1740 2375; x_wconf 87' lang='lat' dir='ltr'>finem</span> <span class='ocrx_word' id='word_1_99' title='bbox 1793 2297 2115 2377; x_wconf 80' lang='lat' dir='ltr'>secundae</span> <span class='ocrx_word' id='word_1_100' title='bbox 2161 2302 2324 2403; x_wconf 90' lang='lat' dir='ltr'>post</span> <span class='ocrx_word' id='word_1_101' title='bbox 2360 2330 2514 2406; x_wconf 74' lang='lat' dir='ltr'>par-</span> 
     </span>
     <span class='ocr_line' id='line_1_16' title="bbox 595 2417 2516 2530; baseline 0.004 -30"><span class='ocrx_word' id='word_1_102' title='bbox 595 2493 602 2500; x_wconf 85' lang='lat'>.</span> <span class='ocrx_word' id='word_1_103' title='bbox 620 2482 677 2519; x_wconf 83' lang='lat'>,‚</span> <span class='ocrx_word' id='word_1_104' title='bbox 731 2442 885 2502; x_wconf 90' lang='lat' dir='ltr'>tum</span> <span class='ocrx_word' id='word_1_105' title='bbox 942 2423 1158 2530; x_wconf 89' lang='lat' dir='ltr'>pueri</span> <span class='ocrx_word' id='word_1_106' title='bbox 1214 2420 1624 2522; x_wconf 80' lang='lat' dir='ltr'>septimanae</span> <span class='ocrx_word' id='word_1_107' title='bbox 1684 2417 1914 2499; x_wconf 90' lang='lat' dir='ltr'>finitis</span> <span class='ocrx_word' id='word_1_108' title='bbox 1953 2421 2144 2519; x_wconf 86' lang='lat' dir='ltr'>justo</span> <span class='ocrx_word' id='word_1_109' title='bbox 2195 2417 2516 2508; x_wconf 85' lang='lat' dir='ltr'>termino</span> 
     </span>
     <span class='ocr_line' id='line_1_17' title="bbox 618 2543 2513 2649; baseline 0.003 -24"><span class='ocrx_word' id='word_1_110' title='bbox 618 2605 674 2641; x_wconf 89' lang='lat'><strong>„</strong></span> <span class='ocrx_word' id='word_1_111' title='bbox 709 2546 1001 2626; x_wconf 84' lang='lat' dir='ltr'>·lochiis</span> <span class='ocrx_word' id='word_1_112' title='bbox 1038 2543 1248 2623; x_wconf 82' lang='lat' dir='ltr'>febre</span> <span class='ocrx_word' id='word_1_113' title='bbox 1293 2543 1722 2649; x_wconf 81' lang='lat' dir='ltr'>quotidiana</span> <span class='ocrx_word' id='word_1_114' title='bbox 1760 2544 2031 2632; x_wconf 88' lang='lat' dir='ltr'>iterum</span> <span class='ocrx_word' id='word_1_115' title='bbox 2083 2548 2513 2649; x_wconf 86' lang='lat' dir='ltr'>corripitur.</span> 
     </span>
     <span class='ocr_line' id='line_1_18' title="bbox 595 2663 2509 2770; baseline 0.002 -23"><span class='ocrx_word' id='word_1_116' title='bbox 595 2740 602 2747; x_wconf 91' lang='lat'><em>.</em></span> <span class='ocrx_word' id='word_1_117' title='bbox 620 2726 675 2763; x_wconf 91' lang='lat'><strong>„</strong></span> <span class='ocrx_word' id='word_1_118' title='bbox 727 2671 970 2770; x_wconf 81' lang='lat' dir='ltr'>Igitur</span> <span class='ocrx_word' id='word_1_119' title='bbox 1036 2669 1282 2744; x_wconf 80' lang='lat' dir='ltr'>laxans</span> <span class='ocrx_word' id='word_1_120' title='bbox 1338 2665 2015 2770; x_wconf 82' lang='lat' dir='ltr'>antiphlogisticum</span> <span class='ocrx_word' id='word_1_121' title='bbox 2078 2663 2462 2758; x_wconf 82' lang='lat' dir='ltr'>ordinatur</span> <span class='ocrx_word' id='word_1_122' title='bbox 2477 2702 2509 2769; x_wconf 64' lang='grc' dir='ltr'>,ς</span> 
     </span>
     <span class='ocr_line' id='line_1_19' title="bbox 619 2780 2512 2883; baseline 0.001 -16"><span class='ocrx_word' id='word_1_123' title='bbox 619 2847 674 2883; x_wconf 85' lang='lat'>‚,</span> <span class='ocrx_word' id='word_1_124' title='bbox 732 2789 964 2869; x_wconf 85' lang='lat' dir='ltr'>febris</span> <span class='ocrx_word' id='word_1_125' title='bbox 1013 2815 1205 2868; x_wconf 79' lang='lat' dir='ltr'>vero</span> <span class='ocrx_word' id='word_1_126' title='bbox 1247 2785 1684 2867; x_wconf 81' lang='lat' dir='ltr'>acceffiones</span> <span class='ocrx_word' id='word_1_127' title='bbox 1748 2790 1827 2866; x_wconf 92' lang='lat' dir='ltr'>in</span> <span class='ocrx_word' id='word_1_128' title='bbox 1879 2790 2038 2869; x_wconf 86' lang='lat' dir='ltr'>dies</span> <span class='ocrx_word' id='word_1_129' title='bbox 2097 2780 2512 2869; x_wconf 82' lang='lat' dir='ltr'>severiores</span> 
     </span>
     <span class='ocr_line' id='line_1_20' title="bbox 618 2909 2510 3014; baseline 0.003 -22"><span class='ocrx_word' id='word_1_130' title='bbox 618 2970 675 3006; x_wconf 89' lang='lat'>,‚</span> <span class='ocrx_word' id='word_1_131' title='bbox 724 2915 913 2992; x_wconf 85' lang='lat' dir='ltr'>hora</span> <span class='ocrx_word' id='word_1_132' title='bbox 984 2932 1060 2987; x_wconf 83' lang='lat' dir='ltr'>2a</span> <span class='ocrx_word' id='word_1_133' title='bbox 1126 2909 1626 3012; x_wconf 82' lang='lat' dir='ltr'>pomeridiana</span> <span class='ocrx_word' id='word_1_134' title='bbox 1689 2912 2131 3014; x_wconf 87' lang='lat' dir='ltr'>incipientes</span> <span class='ocrx_word' id='word_1_135' title='bbox 2187 2933 2267 2990; x_wconf 91' lang='lat' dir='ltr'>et</span> <span class='ocrx_word' id='word_1_136' title='bbox 2328 2916 2510 2997; x_wconf 75' lang='lat' dir='ltr'>hora</span> 
     </span>
     <span class='ocr_line' id='line_1_21' title="bbox 616 3032 2505 3139; baseline 0.002 -28"><span class='ocrx_word' id='word_1_137' title='bbox 616 3092 672 3129; x_wconf 89' lang='lat'>„</span> <span class='ocrx_word' id='word_1_138' title='bbox 723 3037 1040 3139; x_wconf 88' lang='lat' dir='ltr'>primum</span> <span class='ocrx_word' id='word_1_139' title='bbox 1097 3054 1177 3127; x_wconf 82' lang='lat' dir='ltr'>4a</span> <span class='ocrx_word' id='word_1_140' title='bbox 1237 3032 1587 3110; x_wconf 84' lang='lat' dir='ltr'>matutina</span> <span class='ocrx_word' id='word_1_141' title='bbox 1630 3034 2045 3120; x_wconf 65' lang='lat' dir='ltr'>‚defluentes</span> <span class='ocrx_word' id='word_1_142' title='bbox 2097 3032 2505 3115; x_wconf 79' lang='lat' dir='ltr'>efficiebat:</span> 
     </span>
     <span class='ocr_line' id='line_1_22' title="bbox 605 3151 2500 3262; baseline 0.002 -27"><span class='ocrx_word' id='word_1_143' title='bbox 605 3213 671 3252; x_wconf 78' lang='lat'>·‚‚</span> <span class='ocrx_word' id='word_1_144' title='bbox 720 3158 1019 3262; x_wconf 88' lang='lat' dir='ltr'>sudores</span> <span class='ocrx_word' id='word_1_145' title='bbox 1059 3175 1214 3235; x_wconf 82' lang='lat' dir='ltr'>tota</span> <span class='ocrx_word' id='word_1_146' title='bbox 1250 3151 1473 3232; x_wconf 71' lang='lat' dir='ltr'>nmste</span> <span class='ocrx_word' id='word_1_147' title='bbox 1521 3174 1728 3232; x_wconf 77' lang='lat' dir='ltr'>erant</span> <span class='ocrx_word' id='word_1_148' title='bbox 1782 3179 2170 3252; x_wconf 72' lang='lat' dir='ltr'>enormes,</span> <span class='ocrx_word' id='word_1_149' title='bbox 2223 3161 2376 3237; x_wconf 89' lang='lat' dir='ltr'>fitis</span> <span class='ocrx_word' id='word_1_150' title='bbox 2427 3161 2500 3238; x_wconf 88' lang='lat' dir='ltr'>in</span> 
     </span>
     <span class='ocr_line' id='line_1_23' title="bbox 614 3273 2506 3385; baseline 0.001 -25"><span class='ocrx_word' id='word_1_151' title='bbox 614 3341 670 3379; x_wconf 89' lang='lat'>‚‚</span> <span class='ocrx_word' id='word_1_152' title='bbox 722 3275 1265 3382; x_wconf 85' lang='lat' dir='ltr'>exstinguibilis</span> <span class='ocrx_word' id='word_1_153' title='bbox 1294 3336 1320 3369; x_wconf 90' lang='lat'><strong><em>,</em></strong></span> <span class='ocrx_word' id='word_1_154' title='bbox 1355 3273 1633 3354; x_wconf 56' lang='lat' dir='ltr'>:nones</span> <span class='ocrx_word' id='word_1_155' title='bbox 1693 3302 1830 3379; x_wconf 92' lang='lat' dir='ltr'>per</span> <span class='ocrx_word' id='word_1_156' title='bbox 1893 3299 2127 3372; x_wconf 83' lang='lat' dir='ltr'>totum</span> <span class='ocrx_word' id='word_1_157' title='bbox 2179 3284 2506 3385; x_wconf 35' lang='lat' dir='ltr'>vigiles„-</span> 
     </span>
     <span class='ocr_line' id='line_1_24' title="bbox 541 3400 2499 3513; baseline -0.001 -29"><span class='ocrx_word' id='word_1_158' title='bbox 541 3476 548 3484; x_wconf 78' lang='grc'>,</span> <span class='ocrx_word' id='word_1_159' title='bbox 593 3438 669 3502; x_wconf 73' lang='lat' dir='ltr'>t„</span> <span class='ocrx_word' id='word_1_160' title='bbox 721 3404 937 3483; x_wconf 82' lang='lat' dir='ltr'>urina</span> <span class='ocrx_word' id='word_1_161' title='bbox 1013 3400 1335 3478; x_wconf 82' lang='lat' dir='ltr'>flammea</span> <span class='ocrx_word' id='word_1_162' title='bbox 1405 3401 1624 3513; x_wconf 49' lang='lat' dir='ltr'>etium</span> <span class='ocrx_word' id='word_1_163' title='bbox 1706 3423 1914 3481; x_wconf 82' lang='lat' dir='ltr'>extra</span> <span class='ocrx_word' id='word_1_164' title='bbox 1980 3403 2499 3506; x_wconf 80' lang='lat' dir='ltr'>-paroxysmum</span> 
     </span>
     <span class='ocr_line' id='line_1_25' title="bbox 540 3522 2496 3625; baseline 0.002 -23"><span class='ocrx_word' id='word_1_165' title='bbox 540 3541 556 3622; x_wconf 75' lang='grc' dir='ltr'>ἱἰ</span> <span class='ocrx_word' id='word_1_166' title='bbox 592 3581 665 3625; x_wconf 41' lang='grc' dir='ltr'>ψ,</span> <span class='ocrx_word' id='word_1_167' title='bbox 718 3555 881 3607; x_wconf 89' lang='lat' dir='ltr'>cum</span> <span class='ocrx_word' id='word_1_168' title='bbox 946 3526 1346 3604; x_wconf 89' lang='lat' dir='ltr'>sedimento</span> <span class='ocrx_word' id='word_1_169' title='bbox 1402 3522 1684 3601; x_wconf 87' lang='lat' dir='ltr'>intense</span> <span class='ocrx_word' id='word_1_170' title='bbox 1751 3528 1974 3605; x_wconf 88' lang='lat' dir='ltr'>rubro</span> <span class='ocrx_word' id='word_1_171' title='bbox 2014 3585 2039 3616; x_wconf 91' lang='lat'><strong>,</strong></span> <span class='ocrx_word' id='word_1_172' title='bbox 2110 3529 2496 3606; x_wconf 79' lang='lat' dir='ltr'>volae·1na-</span> 
     </span>
     <span class='ocr_line' id='line_1_26' title="bbox 608 3625 2494 3752; baseline 0.001 -24"><span class='ocrx_word' id='word_1_173' title='bbox 608 3709 664 3745; x_wconf 88' lang='lat'>„</span> <span class='ocrx_word' id='word_1_174' title='bbox 720 3676 942 3728; x_wconf 90' lang='lat' dir='ltr'>nuum</span> <span class='ocrx_word' id='word_1_175' title='bbox 978 3625 1056 3728; x_wconf 76' lang='lat' dir='ltr'>et</span> <span class='ocrx_word' id='word_1_176' title='bbox 1093 3674 1295 3752; x_wconf 83' lang='lat' dir='ltr'>genae</span> <span class='ocrx_word' id='word_1_177' title='bbox 1332 3647 1714 3750; x_wconf 70' lang='lat' dir='ltr'>insigniter</span> <span class='ocrx_word' id='word_1_178' title='bbox 1772 3648 2236 3728; x_wconf 86' lang='lat' dir='ltr'>rubescentes</span> <span class='ocrx_word' id='word_1_179' title='bbox 2287 3671 2367 3729; x_wconf 91' lang='lat' dir='ltr'>et</span> <span class='ocrx_word' id='word_1_180' title='bbox 2409 3653 2494 3729; x_wconf 81' lang='lat' dir='ltr'>ab</span> 
     </span>
     <span class='ocr_line' id='line_1_27' title="bbox 573 3767 2492 3879; baseline 0 -28"><span class='ocrx_word' id='word_1_181' title='bbox 573 3813 665 3868; x_wconf 81' lang='lat'>·‚‚</span> <span class='ocrx_word' id='word_1_182' title='bbox 687 3772 866 3851; x_wconf 55' lang='lat' dir='ltr'>&#39;acri</span> <span class='ocrx_word' id='word_1_183' title='bbox 910 3772 1157 3851; x_wconf 75' lang='lat' dir='ltr'>calore</span> <span class='ocrx_word' id='word_1_184' title='bbox 1196 3794 1558 3875; x_wconf 80' lang='lat' dir='ltr'>nunquam</span> <span class='ocrx_word' id='word_1_185' title='bbox 1611 3773 1906 3879; x_wconf 89' lang='lat' dir='ltr'>penitus</span> <span class='ocrx_word' id='word_1_186' title='bbox 1962 3770 2234 3851; x_wconf 85' lang='lat' dir='ltr'>liberae.</span> <span class='ocrx_word' id='word_1_187' title='bbox 2319 3767 2492 3851; x_wconf 63' lang='lat' dir='ltr'>&gt;Re-</span> 
     </span>
     <span class='ocr_line' id='line_1_28' title="bbox 629 3894 2304 4012; baseline 0.004 -45"><span class='ocrx_word' id='word_1_188' title='bbox 629 3907 635 3920; x_wconf 83' lang='lat'>‘</span> <span class='ocrx_word' id='word_1_189' title='bbox 1875 3949 1932 3990; x_wconf 84' lang='lat'>‚,</span> <span class='ocrx_word' id='word_1_190' title='bbox 1965 3894 2304 4012; x_wconf 74' lang='lat' dir='ltr'>mittente</span> 
     </span>
    </p>
   </div>
   <div class='ocr_carea' id='block_1_3' title="bbox 2677 2107 2689 2759">
    <p class='ocr_par' dir='ltr' id='par_1_3' title="bbox 2677 2107 2689 2759">
     <span class='ocr_line' id='line_1_29' title="bbox 2677 2107 2689 2759; baseline 0 0"><span class='ocrx_word' id='word_1_191' title='bbox 2677 2107 2689 2759; x_wconf 95' lang='lat' dir='ltr'> </span> 
     </span>
    </p>
   </div>
   <div class='ocr_carea' id='block_1_4' title="bbox 2679 2979 2687 3508">
    <p class='ocr_par' dir='ltr' id='par_1_4' title="bbox 2679 2979 2687 3508">
     <span class='ocr_line' id='line_1_30' title="bbox 2679 2979 2687 3508; baseline 0 0"><span class='ocrx_word' id='word_1_192' title='bbox 2679 2979 2687 3508; x_wconf 95' lang='lat' dir='ltr'> </span> 
     </span>
    </p>
   </div>
  </div>
 </body>
</html>
