2752 4673
511 530 658 621 246
846 510 1258 594 1115101111α
1302 502 1574 596 15111115
1617 515 2009 597 103chAE
2181 512 2392 603 549.

489 798 548 840 ,‚
602 741 727 817 fim
772 763 867 817 eo
929 732 1356 839 dirigenda,
1408 748 1495 808 ut
1543 728 1676 807 has
1742 721 2214 802 excretiones
2283 721 2422 801 se-.

499 925 558 961 „
613 890 795 943 cure
842 884 921 938 et
960 857 1220 935 blande
1255 855 1716 933 restituamus
1760 906 1852 941 „.
1954 846 2078 925 Fit
2120 845 2199 922 id
2252 870 2401 947 pet

499 990 710 1071 varia
772 981 1205 1064 adminicula
1268 978 1631 1056 diaetetica
1661 1031 1687 1064 ‚
1756 970 2179 1074 chirurgica
2218 1027 2245 1062 ‚
2316 988 2402 1049 et

493 1106 1088 1216 pharmaceutica
1131 1103 1353 1182 etiam
1371 1160 1399 1194 ,
1452 1100 1685 1180 dando
1744 1120 2011 1196 nempe
2073 1094 2425 1175 remedia.-

495 1229 734 1311 dielas
782 1227 1347 1330 haemorrhagias
1404 1221 1869 1327 proritantia.
1990 1218 2235 1297 Probe
2297 1236 2403 1294 ta·-

495 1380 671 1435 :men
722 1356 828 1433 est
875 1348 1601 1430 animadvertendum
1633 1403 1660 1437 ‚
1737 1344 2008 1423 huicce
2058 1339 2412 1419 medendi

361 1477 367 1481 ’
499 1477 774 1558 rationi
837 1475 1032 1554 haud
1095 1471 1433 1576 alioquin
1469 1528 1497 1564 ‚
1573 1490 1790 1572 quam
1849 1492 1985 1569 per
2033 1463 2410 1569 principia.

495 1600 744 1681 morbi
773 1658 800 1693 ,
851 1599 1100 1678 locum
1153 1592 1300 1676 effe
1335 1654 1360 1688 ‚
1447 1593 1791 1698 quamdiu
1858 1615 2127 1695 nempe
2193 1591 2420 1670 vires.

497 1726 830 1805 constant
867 1781 894 1815 ‚
978 1739 1058 1799 et
1117 1719 1459 1823 corporis
1519 1717 1813 1795 habitus
1872 1740 2027 1795 non
2076 1715 2244 1791 dum
2293 1713 2409 1790 est

498 1869 954 1947 magnopere
1017 1844 1435 1922 exhaustus·
1574 1896 1629 1931 ,‚
1683 1836 1918 1920 Quod
1982 1840 2037 1917 fi
2096 1856 2345 1920 autem
2382 1893 2411 1928 ,

499 1988 561 2059 5,
613 1984 963 2048 monente
1004 1957 1858 2060 HOFFMANNO(m)‚
1911 1979 2273 2067 prognata
2315 1960 2410 2037 ab

509 2145 571 2182 ‚‚
625 2091 762 2167 hac
817 2083 1024 2167 causa
1059 2087 1263 2164 lenta
1295 2085 1428 2163 vel
1468 2081 1764 2171 hedtica
1811 2082 2049 2163 febris
2094 2084 2223 2162 diu
2260 2082 2402 2178 jam

505 2266 567 2304 ,‚
617 2233 888 2310 corpus
921 2210 1088 2287 tabe
1138 2226 1218 2286 et
1260 2203 1572 2287 fervore
1610 2204 1880 2288 afflixit
1904 2265 1931 2299 ,
1984 2209 2383 2311 neutiquam

508 2390 567 2426 ‚‚
618 2331 978 2413 svadenda
1002 2390 1029 2426 ‚
1080 2330 1204 2411 sed
1237 2332 1493 2437 potius
1529 2329 2037 2413 interdicenda
2076 2330 2190 2409 est
2214 2387 2240 2420 ,
2270 2385 2293 2408 .
2325 2383 2348 2406 .
2377 2379 2403 2405 .

507 2509 566 2552 ‚,
620 2458 795 2562 quia
845 2458 1050 2537 vires
1109 2458 1418 2537 nimium
1476 2457 1864 2546 debilitat.¹
1977 2455 2132 2534 Ubi
2190 2453 2410 2531 etiam
2488 2446 2492 2450 ’

508 2638 570 2676 ,,
625 2611 666 2661 a
727 2571 978 2685 partus
1051 2602 1393 2721 tempore
1460 2579 1742 2662 menses
1794 2582 2013 2682 plane
2081 2576 2417 2654 substite-

508 2763 569 2800 ‚‚
621 2727 839 2799 runt,
893 2726 974 2785 et
1022 2732 1204 2785 vera
1245 2707 1396 2812 jam
1437 2705 1634 2784 adest
1667 2699 1964 2783 heilica
2015 2726 2180 2780 cum
2221 2719 2420 2778 atro-

516 2884 575 2920 „
628 2828 848 2940 phia,
900 2825 1107 2918 tuffi,
1159 2828 1531 2906 diatrhoea
1552 2884 1579 2918 ,
1647 2823 1980 2930 pectoris
2034 2820 2422 2905 difficulta-

513 3005 572 3043 ‚‚
622 2968 745 3040 te,
786 2925 1194 3027 universali
1238 2948 1579 3049 corporis
1615 2949 2032 3053 langvore‚
2086 2969 2167 3029 et
2222 2948 2420 3027 calo—

354 3149 373 3164 ,
514 3125 573 3162 „
622 3094 706 3147 re
733 3070 942 3148 lento
987 3069 1487 3180 consumente,
1537 3095 1712 3156 non
1704 3073 1806 3152 de
1831 3070 2181 3151 remediis
2216 3095 2417 3151 men-

420 3281 423 3282 t
518 3249 576 3286 η
630 3193 740 3271 ses
798 3194 1248 3296 pellentibus
1303 3191 1775 3298 cogitandum
1807 3253 1836 3286 ,
1910 3194 2037 3274 sed
2092 3193 2414 3298 sympto-

521 3372 578 3409 ‚,
632 3340 820 3395 mata
894 3318 1343 3395 contrarium
1413 3318 1665 3420 potius
1724 3317 2071 3418 indicant..
2209 3318 2417 3397 Idem

396 3545 397 3548 Ν
522 3497 577 3533 ,,
628 3441 1025 3520 tenendum
1066 3442 1159 3520 de
1201 3442 1330 3523 illa
1358 3435 1647 3518 tabifica
1699 3441 2129 3521 debilitante
2170 3438 2416 3531 febre,

519 3620 577 3657 „
603 3590 786 3669 *quae
819 3592 859 3642 a
892 3562 1097 3643 fluxu
1126 3562 1736 3643 ffhaemorrhoidali
1777 3584 2072 3647 retento
2118 3581 2245 3644 aut
2284 3563 2414 3642 ob-

546 3834 2412 3880 *ma-w*

612 3959 765 4044 (m)
808 3963 979 4033 Med.
1015 3981 1128 4035 rat,
1157 3964 1297 4051 syst.
1328 3967 1369 4033 1.‘
1407 3992 1460 4039 e.
1502 3986 1685 4039 eurat.
1720 3967 1783 4055 §4
1828 3990 1893 4051 7,
