2752 4673
322 520 386 603 §-
431 506 544 609 53·
1037 507 1085 568 ι»
1129 507 1188 568 A
1227 506 1277 569 R
1325 503 1365 570 s
1447 454 1562 569 ιι.
1620 481 1625 487 ’
2086 500 2233 584 257

312 710 816 817 remediorum
865 731 1144 816 genere
1204 706 1624 811 praescripto
1674 704 1943 782 'virum
1986 724 2235 806 quem-

318 852 495 927 dam·
540 843 668 939 (e)
739 867 786 919 a
858 835 1116 919 morbo
1201 829 1642 910 vindicavit.
1759 827 2054 928 Duplex
2114 852 2239 904 au-

321 993 476 1049 tem
547 965 676 1042 hic
720 961 800 1044 in
854 957 1111 1060 primis
1163 952 1681 1030 remediorum
1705 947 2239 1051 resolventium

198 1166 205 1173 .
319 1092 750 1179 tonicorum
836 1102 1073 1183 genus
1160 1075 1498 1155 omnibus
1559 1097 1754 1176 pene
1827 1070 2020 1149 aliis
2063 1094 2242 1174 prae-

346 1211 603 1299 cellit,
654 1201 1019 1303 videlicet

633 1319 741 1441 a)
803 1324 1110 1403 &landes
1192 1313 1578 1411 decoclae,
1646 1318 1875 1415 cujus
1950 1311 2251 1401 decoffi
2323 1307 2327 1311 ’

327 1455 460 1535 usu
517 1420 880 1531 hecticam
951 1442 1346 1547 quinquies
1430 1458 1750 1516 curatam
1824 1456 2134 1516 narrat
2153 1452 2245 1518 M.
2262 1434 2264 1443 ⁴
2342 1492 2390 1535 ‚⁴

260 1660 268 1670 ,
326 1607 390 1674 3.
445 1596 767 1660 ΜΑιιιι,
823 1591 1097 1667 nempe
1147 1557 1272 1662 (f)
1334 1550 1672 1638 mulieri
1691 1560 1792 1671 46
1845 1582 2246 1651 annorum,

325 1695 880 1802 phlegmaticae,
925 1687 1187 1767 multis
1240 1683 1672 1786 periculofis
1722 1709 1863 1788 qua
1919 1683 2247 1762 thoracis

316 1844 473 1922 qua
529 1812 968 1893 abdominis
1013 1807 1294 1885 morbis
1347 1802 1707 1885 defunc'tae
1777 1807 1940 1909 post
2004 1804 2248 1890 novill-

326 1943 503 2022 {ime
566 1939 950 2016 toleratam
1036 1929 1335 2032 Aprilis
1429 1929 1652 2008 initio
1722 1925 2006 2031 febrem
2079 1955 2248 2009 acu-

317 2084 471 2142 tam
566 2057 1045 2138 catarrhalem
1130 2047 1494 2152 superfuit
1600 2051 1947 2129 continua
2041 2051 2249 2133 tuffis

322 2181 766 2289 spasmodica
842 2201 1007 2255 cum
1071 2173 1304 2299 sputis
1402 2169 1968 2285 puriformibus
1997 2178 2087 2255 ad
2166 2204 2247 2257 ο-

215 2372 220 2375 .
318 2307 525 2385 mnia
569 2301 894 2410 ptaefidia
932 2286 1368 2389 contumax,
1425 2319 1592 2400 qua
1616 2294 1925 2374 durante
1984 2299 2072 2377 ad
2115 2324 2243 2378 ex-

321 2448 638 2516 tremam
702 2422 1011 2530 devenit
1065 2420 1395 2500 maciem.
1489 2418 1820 2519 Tandem
1869 2420 2243 2520 glandium

136 2413 191 2434 Ι·

334 2533 653 2652 decocio
711 2562 827 2621 ter
867 2535 1225 2643 quotidie
1268 2565 1404 2644 per
1442 2564 1491 2635 4
1533 2541 2019 2620 hebdomades
2067 2544 2244 2624 hau-
2367 2548 2372 2555 ’

327 2672 442 2750 sto
511 2687 590 2747 et
668 2661 869 2744 tuffis
931 2661 1182 2758 defiit,
1242 2683 1322 2741 et
1384 2686 1606 2763 aegra
1621 2662 1828 2741 vires
1879 2664 2242 2742 habitum-

277 2764 483 2897 lque
560 2788 931 2872 resumere
999 2785 1260 2890 coepit.
1328 2784 1549 2895 *Ana
1596 2780 1783 2893 (g)
1854 2811 1953 2887 49
2018 2813 2242 2891 anno-

326 2940 490 2993 rum
568 2911 732 3015 post
808 2935 854 3007 5
918 2905 1304 3009 legitimos
1370 2929 1621 3017 partus
1694 2909 1977 2988 sextum
2063 2930 2239 2990 ante
2309 2919 2310 2922 ‘

320 3035 703 3116 sexenium
765 3030 1023 3107 habuit
1090 3050 1599 3140 praematurum
1648 3055 1797 3116 non
1852 3033 2002 3111 fine
2054 3036 2238 3114 mul.

327 3178 412 3267 to
463 3157 746 3266 labore.
848 3152 1158 3231 Abhinc
1206 3179 1395 3257 vero
1446 3154 1797 3238 tumidior
1839 3157 1916 3234 ei
1964 3178 2237 3236 venter

326 3278 578 3357 manfit
591 3334 619 3371 ‚
670 3299 1101 3381 quamquam
1122 3278 1284 3357 fine
1322 3278 1475 3356 ulla
1521 3276 1847 3357 sanitatis
1879 3280 2236 3363 molestia.

268 3449 277 3454 -
326 3401 656 3481 Tandem
729 3396 998 3488 incidit,
1076 3397 1402 3480 Ociobri
1463 3398 1716 3498 ¹mense
1798 3401 1881 3482 in
1945 3398 2230 3486 febrem

406 3748 977 3834 (²)V1de§26
1025 3721 1113 3830 b).

409 3852 542 3939 (f)
586 3860 892 3940 Bestiitigte
926 3861 1047 3921 Kra
1034 3855 1130 3921 ft&
1165 3831 1272 3918 der
1312 3853 1560 3933 Eicheln
1597 3878 1660 3925 n
1704 3869 1763 3923 1
1798 3875 1856 3942 p
1900 3869 1975 3940 3

420 3947 551 4038 (g)
601 3953 829 4019 Ibidem
862 3974 924 4026 n.
960 3976 1068 4026 20
1108 3978 1167 4041 p.
1208 3951 1319 4042 56
1765 4041 1835 4130 R
